2620 4176
285 199 358 280 Cep.
372 198 402 256 9.
415 196 461 256 De
473 192 966 259 1111111111111111111111111111.
984 200 1014 259 9.
1094 197 1153 260 lbi

149 298 238 363 Croic
269 296 290 360 1.
311 303 339 360 6.
361 318 394 381 p.
417 300 445 357 l.
468 316 551 357 metm.
574 297 621 357 95.
639 296 714 359 Vivo
728 316 756 378 p.
779 299 807 358 l.
828 316 858 356 u.
875 299 1000 358 111111.
1016 299 1044 359 1.
1069 295 1154 362 atta

147 390 169 443 t.
184 385 298 465 5119.
316 385 360 444 15.
374 401 406 443 m.
418 383 466 442 19.
485 382 535 458 qui
554 381 643 440 ctiam
660 383 761 440 asserit
773 399 976 453 communem,
992 376 1102 444 Bonae.
1119 380 1149 442 11.

147 471 175 528 1.
197 486 226 548 q.
248 469 275 528 5.
291 487 323 550 p.
346 470 376 528 9.
396 485 428 526 rt.
447 467 475 524 5.
498 482 563 524 omitt
580 467 649 545 liop.
665 462 734 525 Fili.
749 452 872 545 Hemip.
897 461 1005 525 etoiiis
1027 467 1149 545 possim

146 549 234 613 Prob.
249 553 278 619 l.
297 570 333 612 cx
347 553 405 610 air.
418 551 504 609 Rom.
516 547 550 608 cie
564 566 640 609 sorr.
659 548 692 607 in
707 564 812 629 pectere
825 593 833 620 ,
846 549 1016 609 ubidicitur
1030 571 1038 607 r
1052 551 1152 610 Socer·

146 634 197 698 clos
223 635 252 697 si
267 634 360 715 fuerit
376 631 487 715 peccati
505 629 640 694 mortuiis
662 631 719 695 sibi
744 633 874 694 coriscias
896 631 986 712 (qood
998 631 1097 713 obsit),
1112 634 1154 697 oei

144 729 394 781 recrearentoreme
415 715 701 778 administrationem
720 735 781 778 nou
802 717 910 778 audeat
925 717 1070 795 accedere,
1091 719 1153 781 nisi

144 799 230 883 ruiis
254 802 337 865 corde
350 801 500 883 poeniteat.
514 799 570 861 Sed
591 799 619 860 si
644 801 749 862 liobeot
766 802 881 882 copiam
908 801 1098 882 confessarii,
1123 811 1152 865 et
1193 863 1198 867 ,

93 888 98 893 ’
146 886 284 968 teueporis
299 884 409 967 locique
421 883 498 945 cotio
510 883 608 964 serat,
626 884 759 946 conuertit
778 884 918 964 corifitc‘ri.
931 889 1026 964 Nota,
1049 906 1151 951 comoe-

145 974 209 1047 erit,
220 971 290 1050 crgo
305 968 457 1030 cxllitnali
470 967 576 1027 sufficit
586 969 728 1045 poenitdre
742 987 795 1046 pcr
805 971 1029 1046 contritionem,
1044 982 1074 1033 et
1086 992 1151 1034 con·

143 1056 229 1116 lessio
245 1066 288 1115 cst
306 1055 342 1114 de
355 1053 577 1126 convenientia,
597 1070 657 1111 non
680 1053 717 1112 de
736 1054 916 1113 necessitate.
939 1055 1027 1114 Proh.
1047 1059 1078 1117 9.
1102 1076 1150 1118 ra-

144 1141 246 1211 tione,
260 1138 324 1200 tirm
340 1138 409 1215 qnia
427 1138 458 1196 in
477 1136 542 1194 aliis
559 1138 746 1197 sacramentis
760 1155 820 1198 non
832 1136 957 1198 habetur
971 1149 1149 1220 pracceptum

144 1242 240 1303 neque
263 1222 416 1294 naturale,
445 1238 541 1298 neque
563 1219 723 1295 divinum,
751 1239 846 1298 neque
869 1223 1092 1286 ecclesiasticum
1113 1228 1150 1297 dc

144 1307 349 1386 praemittenda
364 1303 564 1375 consessione,
584 1313 618 1362 ut
635 1303 760 1365 habetur
781 1306 813 1364 in
838 1306 1017 1384 suscipienda
1038 1309 1150 1371 Eucha-

144 1392 248 1451 ristia:
269 1390 333 1451 tirrn
350 1391 437 1467 qnia,
455 1397 489 1448 ut
503 1391 544 1449 ait
561 1387 745 1449 doctissimus
757 1391 844 1449 Scor.
862 1389 895 1450 in
915 1392 943 1450 5.
957 1402 1038 1471 port.
1055 1394 1086 1455 d.
1100 1397 1148 1456 16.

142 1495 171 1536 u.
198 1476 369 1551 Quaeritur,
391 1474 459 1535 licit
487 1473 627 1534 consessio
650 1473 695 1552 (ut
711 1473 848 1560 vidimus)
869 1476 954 1536 valde
975 1480 1147 1553 conveniat,

143 1566 243 1621 tamen
260 1562 328 1620 satis
345 1568 388 1619 est
401 1567 435 1618 ut
447 1558 582 1619 sacerdos
600 1557 738 1619 adhibeat
752 1559 934 1637 diligentiam
955 1565 1095 1625 moralem
1111 1566 1148 1626 ud

142 1663 173 1705 sc
187 1643 409 1721 justificandum
433 1659 486 1720 per
506 1642 731 1717 contritionem,
754 1644 826 1722 quin
841 1663 986 1707 summam
1000 1647 1148 1710 ,adhibeat

141 1748 196 1809 pcr
218 1729 449 1803 confessionem
474 1744 527 1786 nec
551 1727 653 1791 cadem
676 1731 751 1788 ratio
771 1729 863 1788 currit
886 1747 940 1806 pro
965 1734 1102 1809 materia,
1118 1744 1148 1795 et

141 1816 237 1875 forma
257 1811 453 1884 sacramenti,
477 1810 565 1890 quiam
589 1830 643 1890 pro
669 1812 748 1871 licita
777 1811 1031 1877 administratione
1053 1837 1147 1880 sacra·

142 1898 236 1959 menti
246 1919 255 1973 3
265 1895 306 1956 ibi
323 1898 403 1956 enim
416 1893 483 1954 cium
497 1904 600 1972 agatur
615 1895 652 1954 dc
663 1897 823 1955 substantia
839 1913 891 1955 scu
907 1897 944 1956 dc
953 1901 1075 1960 veritate
1084 1904 1145 1978 rei,

142 1990 333 2069 probabilitas
351 2007 410 2049 non
430 1995 528 2065 potest
542 1987 674 2057 efficere,
697 1997 730 2045 nt
745 1988 866 2047 materia
883 1996 913 2046 et
934 1989 1027 2049 lomna
1048 1993 1146 2070 inepta

142 2075 268 2135 evadant
286 2082 352 2153 apta
365 2094 374 2148 3
388 2072 438 2131 sed
457 2072 487 2130 in
508 2072 585 2130 licita
602 2070 858 2130 administratione
872 2074 1062 2145 sacramenti,
1079 2074 1146 2135 ciun

141 2169 245 2237 agatur
261 2156 379 2218 tantiam
395 2156 433 2216 de
454 2156 560 2225 modo,
575 2154 605 2213 id
628 2163 671 2214 cst
694 2155 730 2213 dc
749 2153 899 2214 honestate
917 2155 1056 2228 actionis,
1072 2157 1147 2220 nent

140 2244 329 2323 probabilitas
348 2239 453 2313 efficit,
478 2248 511 2298 ut
534 2239 609 2297 actio
622 2239 659 2298 sit
680 2237 824 2324 honesta,
847 2239 965 2316 quando
986 2240 1147 2317 prudenter

139 2325 261 2389 honesta
274 2325 440 2404 judicatur,
459 2325 592 2401 quamvis
604 2324 636 2382 in
649 2340 681 2382 se
692 2322 767 2383 sorte
783 2323 848 2382 talis
862 2340 921 2382 non
931 2323 979 2381 sit.

179 2444 228 2504 55.
242 2443 387 2516 -Quoer.
402 2442 431 2500 5.
445 2440 489 2499 An
500 2450 597 2517 peccet
607 2441 771 2501 mortaliter
783 2438 932 2511 sacerdos,
946 2448 997 2499 aut
1007 2439 1146 2504 diaconus

140 2528 311 2588 ministrans
323 2523 538 2585 Eucharistiam
555 2525 586 2583 in
600 2525 740 2583 mortali?

177 2645 284 2705 Primo
297 2643 440 2704 scotomiae
457 2652 562 2720 nogat,
583 2652 613 2704 et
625 2643 700 2704 hanc
717 2650 819 2704 tenent
830 2645 912 2724 Lupo
924 2640 959 2705 de
972 2663 1048 2706 socr.
1064 2645 1094 2707 d.
1111 2648 1141 2709 8.

138 2750 172 2791 n.
188 2730 253 2789 155.
266 2728 353 2806 Spor.
365 2736 385 2787 t.
402 2730 510 2807 5111.
524 2729 572 2787 96.
586 2747 617 2787 m.
632 2730 698 2790 179.
716 2729 819 2788 Dione
828 2749 859 2809 p.
872 2733 900 2789 9.
916 2737 937 2789 t.
957 2733 1002 2790 11.
1018 2750 1043 2790 r.
1054 2733 1102 2792 95.
1115 2739 1145 2793 ct
1230 2753 1235 2759 ·

138 2812 321 2894 probabilem
332 2811 536 2900 putanttfoim.
548 2811 582 2872 111
594 2830 719 2873 sueram.
730 2816 764 2875 im
771 2832 838 2894 pem.
854 2834 878 2874 c.
894 2815 922 2874 7.
936 2832 967 2894 p.
977 2817 990 2873 l
999 2819 1008 2872 l
1017 2861 1023 2874 .
1033 2835 1063 2874 m.
1077 2818 1142 2877 160.

139 2893 709 2980 1111051111111,11111111.
724 2899 792 2960 Led.
807 2907 858 2959 etc.
873 2898 947 2960 Vivo
958 2918 986 2978 q.
1001 2902 1028 2958 1.
1044 2909 1101 2960 ort.
1114 2903 1143 2961 l.

137 3002 170 3042 n.
187 2984 215 3041 1.
233 2979 322 3041 Croirr
335 2975 355 3038 1.
368 2983 396 3040 6.
406 2999 438 3059 p.
457 2983 484 3038 1.
495 2999 578 3040 metm.
594 2983 642 3042 91.
660 2983 1141 3062 1111111191,111111,1)1’1111.

136 3066 237 3126 Arnico
244 3109 254 3140 ,
263 3061 385 3127 Bemmi
397 3073 448 3123 etc.
461 3065 544 3123 Ratio
555 3062 638 3142 ,quia
652 3066 830 3125 distribuens
839 3063 1048 3123 Eucharistiam
1057 3108 1065 3136 ,
1075 3063 1144 3124 crim

137 3166 199 3209 non
220 3148 356 3207 conficiat
370 3157 605 3219 sacramentnm,
632 3147 748 3207 tantirm
774 3145 887 3206 ‘remoti
908 3150 1083 3221 coiipcratur
1105 3147 1143 3207 ad

136 3231 360 3309 productionem
379 3233 497 3309 gratiae3
513 3250 573 3291 non
598 3232 683 3308 ponit
695 3232 774 3290 enim
795 3230 940 3288 actionem
959 3245 1012 3309 per
1031 3246 1062 3288 sc
1075 3247 1143 3289 cau-

137 3323 252 3376 santem
272 3317 420 3394 gratiam,
442 3315 492 3375 sed
514 3315 628 3375 tantum
654 3316 780 3392 applicat
804 3313 895 3371 activa
919 3311 1065 3389 passivis3
1088 3332 1143 3376 nco

110 3436 115 3444 -
136 3399 239 3478 agitis
260 3401 382 3459 nomine
403 3400 529 3472 Christi,
557 3397 625 3459 cium
648 3398 779 3458 Christus
805 3414 866 3457 non
883 3395 1087 3473 requisiverit,
1109 3406 1143 3459 ut

135 3483 317 3543 distribuens
342 3485 381 3542 sit
400 3502 524 3563 persona
549 3500 652 3555 sacra,
678 3484 749 3542 olim
768 3482 848 3543 enim
870 3480 958 3543 etiam
976 3481 1041 3543 taisi
1069 3501 1143 3547 tom·

134 3568 309 3629 munionem
325 3568 382 3629 sibi
404 3569 450 3630 vel
463 3569 527 3627 aliis
541 3566 741 3648 porrigebant.

177 3652 260 3714 Toto.
282 3654 319 3716 V.
948 3654 987 3715 99
