2562 4166
184 225 242 293 tte
354 302 357 307 Ι
414 218 479 285 eia.
492 216 735 303 7676677676
748 211 989 299 particularitas.

184 349 244 395 eece
256 337 389 414 66667677.
409 325 555 407 [tectique
576 324 658 393 addit
678 322 765 391 66777
778 321 808 385 6.
824 342 856 384 6.
880 322 967 385 7577.
987 340 1049 384 666
1072 329 1182 406 requiri

178 415 377 477 attentionem
385 410 423 474 66
432 409 546 489 singula
554 409 643 470 verba
653 406 720 481 ,sed
729 407 861 469 sufficere
872 408 1014 468 moralem
1024 415 1053 469 et
1064 427 1182 488 gencra-

185 498 242 559 1766
256 498 333 576 ,que
343 496 410 576 quis
420 503 502 557 curet
513 491 588 557 bene
599 492 696 555 emnia
706 490 804 552 dicore
816 507 882 551 cum
893 491 1059 554 intentione
1069 495 1181 555 orandi.

225 584 292 643 777.
311 613 350 627 -·
365 579 514 655 Quaeritur
527 578 552 637 l.
576 577 622 636 An
637 575 759 636 attentio
779 575 895 635 interna
917 575 955 635 sit
971 577 1129 636 necessaria
1148 579 1184 639 ad

185 664 364 745 implendam
377 663 521 725 rationem
535 659 627 723 divini
644 659 754 721 officiii
767 658 856 719 76767
870 657 976 737 triplex
989 662 1130 721 sententia
1143 684 1152 720 ε

222 749 330 811 Primo
341 745 526 809 communior
542 750 571 803 et
583 741 763 822 probabilior
776 742 903 804 affirmat
919 741 1041 804 omnine
1054 746 1183 822 requiri,

185 851 309 912 eamque
326 837 427 895 tenent
451 825 560 888 Saucia.
585 828 672 888 Coras.
695 833 717 887 t.
732 828 762 887 7.
776 821 798 885 7.
810 826 840 887 7.
853 844 879 887 7.
897 827 928 887 7.
944 825 975 888 d.
996 828 1046 886 78.
1062 827 1148 892 Setia
1162 828 1183 893 7.

187 920 235 978 70.
243 934 273 998 q.
287 917 316 977 5.
330 908 419 981 cenet.
431 910 531 991 6667.
542 911 616 972 irai.
628 912 698 992 aq.
713 909 762 971 85.
776 928 808 970 6.
821 911 868 971 75.
878 911 931 982 Sc,
942 927 973 970 6.
981 911 1089 982 Horae,
1103 914 1188 979 aum

186 1003 234 1075 79.
244 1002 336 1077 ‚Aaou
348 1016 382 1081 p.
401 998 430 1059 7.
444 992 467 1059 7.
486 994 534 1055 79.
548 1012 574 1056 7.
593 995 640 1055 76.
655 1012 685 1075 p.
702 994 732 1055 6.
747 996 878 1057 ilonea
900 995 931 1057 9.
948 992 1090 1074 Wipcadt
1101 1003 1182 1058 treet.

185 1087 233 1161 70.
252 1103 300 1147 ec.
317 1085 346 1145 ll·
358 1099 390 1163 q.
409 1074 439 1145 7.
457 1074 560 1145 taret.
575 1076 611 1138 dc
627 1075 693 1140 766.
708 1096 774 1138 cen.
792 1097 826 1160 6.
846 1077 915 1138 796.
931 1094 965 1137 a.
980 1079 1030 1137 75.
1047 1080 1087 1139 Ρ.
1102 1081 1181 1143 Coae.

184 1177 206 1231 7.
221 1171 250 1232 2.
262 1188 295 1249 p.
307 1167 377 1229 tte.
387 1184 421 1229 n.
437 1163 488 1227 76.
498 1165 552 1242 qul
564 1159 627 1223 tuse
638 1169 669 1224 et
688 1160 825 1239 67666677
842 1160 917 1223 hanc
930 1162 1106 1223 sententiam
1124 1174 1184 1223 tae·

183 1262 233 1317 766
251 1271 319 1319 cum
332 1251 447 1313 Naucr.
470 1248 545 1311 cao.
571 1241 638 1308 vat.
656 1242 753 1307 Mati.
776 1244 845 1306 Led.
858 1243 940 1311 Med·
959 1253 988 1305 et
1009 1241 1080 1309 67776
1099 1245 1184 1309 inau-

182 1322 280 1401 677677.
294 1326 414 1397 Diuersi
431 1340 530 1393 autem
546 1338 679 1393 auctores
690 1327 764 1389 hanc
778 1331 904 1408 primam
927 1330 1104 1403 sententiam
1124 1350 1183 1431 666

182 1420 252 1483 bant
264 1438 301 1480 cx
315 1438 340 1481 7.
355 1412 493 1483 Dolenter
506 1459 515 1487 ‚
527 1413 562 1477 de
573 1409 656 1475 77777.
668 1411 752 1477 miae.
765 1413 816 1473 sed
826 1432 862 1475 ex
875 1412 931 1475 hoc
946 1422 1028 1475 textu
1042 1458 1052 1491 ,
1073 1433 1182 1494 sapien-

182 1513 228 1564 ter
247 1504 288 1563 677
307 1504 394 1564 coac.
407 1516 474 1563 com
488 1499 578 1563 Sacer.
601 1515 660 1558 666
677 1496 751 1559 beni
763 1495 839 1559 hanc
855 1498 1033 1559 sententiam
1054 1499 1180 1577 proban,

182 1586 319 1657 lbienim
333 1583 450 1649 6677666
463 1581 497 1645 67
521 1581 646 1643 verbum
669 1579 706 1643 de
730 1583 1037 1655 67776776677677666,
1060 1582 1110 1644 scd
1125 1594 1183 1647 776·

182 1667 247 1732 tiam
263 1667 434 1747 praecipitur
449 1673 587 1737 externa,
608 1666 741 1745 opposita
759 1665 913 1744 colloquiis
929 1666 1182 1733 ecclesiasticorum

180 1770 249 1827 cum
261 1753 342 1814 laicis
357 1751 389 1815 76
402 1748 513 1823 choro,
528 1766 595 1829 que
612 1749 757 1827 colloquia
770 1767 885 1825 causam
900 1747 1041 1810 67676667
1054 1742 1183 1814 7666766

180 1836 269 1901 ctiori
287 1833 377 1999 6366
410 1833 529 1897 6666676
544 1854 552 1893 z
568 1832 648 1899 6667
672 1834 806 1896 Pontifex
829 1833 991 1913 pracepit,
1009 1832 1091 1921 quod
1112 1837 1207 1917 roci,

181 1927 302 1983 7667766
347 1918 414 1981 irem
427 1925 606 1981 aeetarnem
621 1914 738 1998 pariter
761 1925 790 1978 77
801 1915 963 1992 diurnare,
979 1915 1127 1999 quamnim
1144 1908 1184 1981 776

181 2005 261 2066 Deus
275 2001 401 2080 dederit,
418 1999 546 2063 77667667
561 1998 719 2074 eelebrent,
733 2010 762 2063 77
773 1999 882 2063 deuoti.
892 2003 927 2062 Et
946 1999 1026 2061 hunc
1043 2019 1181 2065 canonem

179 2089 325 2167 explicans
340 2090 373 2149 S.
384 2086 553 2147 dremaiaus
565 2087 595 2147 5.
611 2104 644 2167 6.
656 2084 702 2146 777.
719 2088 767 2147 75.
776 2103 802 2147 7.
813 2089 843 2149 7.
856 2085 882 2166 S.
894 2086 924 2145 7.
935 2085 1026 2146 dixit:
1036 2086 1178 2166 Precipi·

179 2190 266 2248 mus,
279 2178 314 2235 at
325 2168 525 2251 6666666667
538 2167 585 2231 die
596 2187 631 2233 ee
649 2177 730 2233 noete
744 2168 825 2232 dieat
843 2167 932 2232 liores
944 2187 1015 2231 eoas
1024 2192 1037 2246 ,·
1047 2170 1180 2231 intentio·

179 2273 246 2318 aeae
263 2262 292 2317 77
306 2253 485 2319 decetionem
499 2252 532 2313 in
530 2260 683 2401 1praecepte
697 2271 758 2314 noa
766 2254 918 2335 ponimus,
934 2252 985 2314 aed
993 2255 1100 2334 protioe
1113 2255 1179 2330 Dei,
1260 2294 1262 2315 .

178 2337 337 2401 miraeum
351 2335 430 2419 qood
445 2335 507 2418 ipse
551 2354 602 2396 667
616 2333 741 2399 coluerit
751 2381 760 2411 ‚
772 2335 913 2401 dexianus
930 2332 1176 2418 relinquendum:

178 2430 206 2483 77
220 2421 299 2483 dune
318 2418 494 2482 intellectum
510 2427 624 2498 teneas,
649 2420 721 2501 quio
743 2419 956 2503 coapata-em,
978 2426 1007 2480 77
1028 2419 1102 2499 quie
1121 2439 1180 2485 6677

177 2504 257 2568 treet
271 2503 399 2567 Ecclesia
420 2501 513 2567 677767
524 2501 662 2584 taqueum
674 2503 801 2587 injicere.
822 2506 880 2567 Alii
899 2505 1025 2585 probant
1037 2523 1073 2564 ex
1094 2525 1176 2586 prop.

179 2590 227 2649 77.
244 2588 381 2649 damnata
395 2587 433 2648 ab
444 2585 613 2649 7776667766
630 2591 700 2652 VII.
713 2609 779 2667 que
791 2590 926 2652 dicebat:
945 2587 1006 2665 Qui
1021 2585 1097 2669 [ecit
1113 2609 1176 2657 coa·
1259 2632 1260 2651 2

176 2671 331 2753 7776766766
351 2668 516 2732 6776676677
536 2667 671 2748 nullom,
698 2670 845 2754 satisfecit
867 2680 1009 2755 precepto
1033 2670 1173 2736 Ecclesiae.

177 2754 253 2832 Ergo
264 2753 420 2833 linierunt)
435 2753 509 2817 6766
520 2765 615 2832 potest
626 2755 749 2817 Ecclesia
768 2767 848 2823 actus
865 2758 996 2818 internos
1010 2757 1173 2837 precipere.

176 2838 232 2913 scal
245 2855 341 2915 neque
359 2838 476 2916 pretate
491 2839 635 2899 sententia
651 2837 706 2902 hec
722 2842 835 2905 ratione
851 2843 920 2903 satis
936 2840 1079 2919 probatur
1089 2884 1099 2913 ,
1111 2860 1174 2905 nam

175 2923 217 2983 sic
237 2939 296 2983 non
312 2921 454 3000 probatur
472 2922 595 2982 Ecclesia
610 2923 859 3003 praeciperocctus
873 2927 1025 2992 internos,
1040 2923 1093 2997 scal
1112 2935 1173 2987 taa-

176 3004 241 3068 7766
256 3005 414 3087 precipere
432 3006 641 3082 contessionem
660 3007 787 3075 aelidem
802 3051 811 3082 ‚
827 3011 901 3069 sicut
919 3007 1050 3068 Christus
1069 3025 1173 3086 proecc·
1258 3024 1259 3067 t

45 3082 58 3095 ”
175 3093 231 3171 677.
246 3091 331 3153 Ratio
350 3090 440 3168 igitur
451 3089 549 3167 potior
566 3100 610 3152 est
620 3134 629 3164 ‚
641 3092 709 3169 quia
722 3092 964 3155 sine-attentione
979 3092 1094 3152 interna
1116 3109 1172 3156 666

175 3174 364 3243 constituitur
378 3176 490 3246 oratio,
514 3190 580 3252 qum
595 3173 731 3237 universe
748 3175 909 3239 delinitur:
921 3173 1055 3236 Eleoetio
1072 3177 1173 3237 narratis

174 3256 215 3337 aad
238 3260 345 3339 7777776.
360 3257 463 3329 Unde,
484 3258 619 3335 quamvis
637 3259 760 3319 Ecclesia
777 3278 835 3320 non
859 3260 1032 3339 imposuerit
1053 3259 1176 3336 spectata,
1257 3284 1258 3327 t

172 3350 350 3427 praeceptum
363 3341 521 3420 positivum
534 3343 702 3405 attentionis
713 3344 853 3419 internae,
868 3353 966 3405 766676
977 3343 1168 3421 praecipiendo

94 3435 98 3441 '
172 3424 372 3493 recitationem
384 3424 471 3484 officii
484 3441 538 3502 per
549 3425 671 3486 modum
690 3427 829 3488 orationis
842 3429 879 3491 ad
895 3430 990 3489 Deum
1006 3425 1168 3499 76776666,

172 3506 414 3585 rerempraeccpit
423 3509 598 3580 orationem,
613 3528 678 3587 quae
690 3512 921 3575 sineettcatione
934 3511 1048 3571 interna
1059 3527 1117 3579 non
1127 3520 1169 3570 est
1256 3570 1257 3589 p

149 3674 151 3677 Ι
171 3601 239 3644 aera
259 3588 373 3666 oratio;
389 3591 533 3652 neeDeus
554 3592 660 3660 colitur
673 3612 732 3673 per
752 3595 845 3664 solam
856 3595 1059 3661 recitationem
1076 3605 1166 3661 catce-
