2620 4176
173 176 230 239 tra
383 177 448 245 Lab.
461 180 489 242 tl.
500 179 546 241 Dc
559 174 712 260 preceptis
728 172 968 257 particularibus.

213 278 281 338 aab.
293 281 508 342 -Notandum
518 282 540 340 l.
551 278 630 357 quiid
643 279 680 339 od
689 279 850 356 legitimam
861 277 1072 338 accusationem
1085 274 1181 356 quin·

176 379 234 439 que
251 363 559 438 erpeiamcurtem
577 362 629 423 liat
647 362 678 422 in
696 361 889 439 scriptis,ch
907 361 1010 423 saltem
1028 360 1180 421 scribatur

174 441 191 503 a
202 443 366 506 tabellione.
377 447 408 508 2.
421 447 459 508 Ut
470 445 512 507 ibi
525 446 706 524 exprimatur
719 461 826 504 nornen
837 443 1136 515 accusatoris,ctrci.
1146 443 1178 503 ὅ.

178 526 216 585 Ut
235 528 416 606 exprimatur
434 530 542 609 species
564 528 683 601 delicti,
704 536 734 588 ct
751 527 843 588 etiarn¹
859 544 968 587 nomen
985 527 1073 598 socii,
1092 527 1121 587 si
1138 529 1180 585 sit

175 608 287 671 crimen
305 610 440 673 adulterii
452 658 460 687 ,
472 613 627 682 sodomiae,
640 621 670 670 et
686 611 792 672 simile.
806 613 836 671 1.
852 611 890 672 llt
899 602 1089 688 ,inprimatur
1101 618 1178 670 tem·

176 709 248 770 pus,
267 693 346 755 locus
360 695 476 769 delicti,
497 695 632 758 cleliam
650 693 721 755 bora
733 737 742 765 ,
755 694 780 754 si
799 711 867 754 reus
888 692 919 754 id
939 693 1076 772 postulet.
1092 695 1121 754 d.
1137 695 1176 769 Ut

176 783 552 842 accusator.accusaaicnem
570 778 747 854 subscribat,
764 786 799 837 ut
812 778 853 838 sic
864 777 1005 856 obligatus
1018 778 1056 837 sit
1068 774 1105 838 ad
1117 777 1178 837 cai·

175 876 243 921 men
253 861 454 939 probandum,
466 863 536 925 alias
544 864 581 922 ad
592 861 908 941 paenosa-subeundam.
921 863 957 921 Et
968 859 1038 920 binc
1047 860 1175 922 notanda

175 953 218 1003 est
233 944 416 1019 differentia,
431 966 497 1026 quae
514 956 559 1006 est
572 947 650 1005 inter
669 945 918 1006 denuntiationem
935 944 1111 1017 fraternam,
1122 944 1173 1004 de·

175 1029 389 1091 nuntiationem
407 1030 595 1108 judicialem,
614 1039 644 1088 ct
662 1030 883 1089 accusationem.
897 1027 1091 1088 Decantiotio
1108 1025 1174 1106 ssu·

176 1117 259 1173 terno
269 1111 305 1173 lit
321 1116 465 1192 superiori
475 1123 613 1193 tanquam
622 1114 704 1192 patri
711 1155 720 1183 ,
733 1121 765 1172 ut
776 1128 844 1171 reus
857 1111 1039 1172 emendetur.
1050 1113 1175 1172 Dorsuo·

176 1192 261 1257 tiotio
272 1193 405 1277 juridica
425 1198 459 1259 fit
480 1198 624 1277 superiori
640 1204 788 1274 tamquam
795 1194 913 1277 judici,
933 1200 967 1255 ut
983 1213 1051 1257 reas
1067 1198 1174 1275 punia-

174 1286 246 1351 tur,
264 1280 316 1340 sed
330 1281 394 1342 sinc
411 1282 588 1362 obligatione
606 1281 718 1340 crimen
734 1279 887 1356 probandi.
901 1279 1052 1340 Accusatio
1075 1288 1173 1340 autem

174 1360 210 1421 fit
222 1361 334 1438 judici,
346 1374 379 1425 ut
396 1383 464 1427 reus
478 1366 654 1430 mulctetur,
673 1381 740 1423 cum
753 1363 928 1441 obligatione
946 1363 1086 1423 delictum
1105 1381 1173 1441 pro·

172 1444 280 1522 baudi,
298 1459 329 1509 et
340 1451 407 1513 ided
428 1449 489 1512 baec
501 1447 623 1510 omnino
642 1448 707 1511 lieri
719 1447 828 1508 debeat
843 1449 875 1508 in
895 1448 1019 1526 scriptis.
1039 1449 1084 1508 lta
1099 1450 1168 1507 DD.
1270 1448 1272 1527 ᾖ

173 1545 276 1590 comm.
292 1532 363 1595 Vide
371 1532 464 1596 Salac.
478 1531 549 1594 ibid.
565 1550 598 1592 n.
612 1532 641 1591 a.
1271 1538 1273 1607 g

212 1615 280 1675 256.
296 1647 335 1662 -
351 1643 364 1673 a
383 1619 502 1691 Quares
515 1661 523 1689 ,
537 1635 575 1675 an
587 1660 596 1687 ‚
610 1623 639 1675 ct
655 1613 721 1693 quis
735 1622 868 1675 tencatur
885 1616 1011 1676 alterum
1023 1623 1171 1678 accusaret
1273 1666 1274 1687 2

216 1719 230 1748 a
248 1699 334 1778 llesp.
350 1703 376 1762 l.
388 1701 538 1761 Privatum
553 1697 667 1758 rardad
687 1698 717 1757 id
729 1697 822 1757 teneri
835 1718 845 1772 ς
857 1695 921 1759 tiam
939 1717 975 1758 cx
991 1700 1075 1778 praxi
1086 1702 1172 1761 timo·

174 1801 188 1832 a
211 1786 342 1851 ratarum
352 1803 362 1859 3
372 1781 435 1843 tiam
447 1783 516 1861 quia
531 1780 600 1841 aliis
613 1780 772 1842 tribunalia
786 1788 880 1842 essent
893 1782 978 1861 plena
989 1785 1172 1846 accusationi·
1275 1860 1276 1865 γ

174 1886 187 1915 a
211 1863 283 1937 bus,
302 1883 369 1926 cum
383 1866 601 1947 perturbatione
611 1864 687 1943 reip.

217 1971 230 2000 a
251 1950 317 2010 Diri
339 1953 367 2011 l.
384 1950 554 2032 priuatum
578 1950 648 2028 quia
663 1950 688 2010 si
711 1950 776 2028 qais
791 1946 810 2010 d
827 1949 976 2028 republica
991 1949 1170 2029 stipendium
1276 1956 1277 1959 ’

173 2055 187 2085 a
210 2031 249 2092 ab
270 2031 326 2094 boc
347 2034 489 2111 accipiat,
505 2050 533 2093 v.
547 2050 577 2111 g.
590 2033 711 2103 liscalis,
724 2042 780 2093 etc.
804 2040 922 2092 tenetur
937 2033 1123 2109 exjustitia,
1141 2045 1170 2095 et
1278 2106 1279 2117 ,

172 2141 185 2170 a
210 2129 421 2196 consequenter
445 2119 483 2180 ad
502 2118 626 2190 damna,
654 2118 811 2178 omissione
836 2118 1024 2179 accusationis
1061 2129 1168 2181 secuta.

173 2224 187 2254 a
210 2197 279 2262 Fa'tt.
293 2205 372 2263 Boo.
383 2204 417 2264 ita
425 2204 455 2263 8.
462 2219 512 2284 pr.
524 2200 555 2262 d.
568 2203 616 2261 10.
630 2217 661 2282 q.
672 2200 701 2261 5.
713 2220 747 2282 p.
759 2202 789 2260 1.

214 2309 227 2336 c
248 2286 355 2349 nicia.
376 2286 463 2362 rord,·
481 2285 571 2364 quia,
589 2285 614 2345 si
636 2285 732 2367 exigat
748 2284 860 2347 bonum
883 2286 1054 2365 publicum,
1068 2305 1100 2348 v.
1121 2303 1167 2366 gr.

171 2392 185 2421 a
209 2370 233 2428 si
250 2370 378 2446 proditio
396 2369 573 2441 imminens,
591 2369 639 2428 val
659 2385 748 2446 grave
761 2369 902 2430 damnum
917 2372 986 2430 vita
1006 2373 1169 2432 innocentis

171 2475 183 2505 a
209 2452 294 2513 aliter
310 2456 403 2515 averti
419 2471 479 2515 non
497 2453 608 2531 possit,
631 2463 661 2513 et
684 2454 796 2513 crimen
810 2453 894 2515 sacili
917 2454 1036 2532 probari
1056 2457 1167 2534 possit,

171 2560 184 2588 a
210 2545 325 2596 tenetur
337 2538 424 2597 etiam
438 2536 569 2615 privatus
581 2554 713 2595 accusare
724 2580 733 2611 ,
753 2537 799 2595 vcl
811 2538 913 2611 saltem
931 2537 1106 2621 denuntiare
1118 2560 1127 2615 3
1139 2540 1168 2600 id

170 2642 184 2671 a
208 2625 352 2759 lappensi
359 2618 499 2761 elparitatc
509 2616 635 2691 tautum,
645 2638 711 2696 quae
721 2620 934 2680 restitutionem
946 2639 1006 2682 uon
1016 2621 1166 2701 importat.

169 2726 183 2755 a
208 2700 245 2760 Fi
269 2704 366 2761 ‚Bora
393 2720 436 2763 .c.

206 2782 262 2844 Sed
275 2782 447 2846 haecomnia
465 2783 558 2846 lusids
571 2785 775 2863 epaminonda.
788 2788 935 2861 Quaritur
952 2806 991 2849 an
1011 2788 1167 2866 aliquando

168 2875 320 2929 teneamur
332 2869 422 2928 alium
432 2886 584 2943 accusare,
605 2870 652 2929 ael
666 2869 859 2932 denuntiare?
871 2870 991 2933 Affirma
1004 2871 1037 2937 iu
1049 2889 1167 2953 sequen·

168 2952 248 3013 tibus
258 2951 371 3011 casibus
385 2971 394 3010 a

206 3034 274 3107 bal,
286 3033 408 3108 Quando
423 3035 519 3115 agitur
533 3035 571 3098 de
591 3035 741 3098 communi
756 3037 863 3099 damno
875 3038 1010 3116 vitando,
1027 3047 1058 3099 ct
1078 3039 1167 3118 possit

167 3119 278 3183 crimen
297 3120 436 3199 probari3
450 3131 521 3182 tunc
531 3121 612 3182 enim
627 3120 712 3181 docet
721 3123 753 3183 S.
771 3122 896 3184 Timores
911 3126 941 3185 2.
954 3126 984 3185 2.
997 3140 1028 3202 q.
1043 3124 1094 3183 68.
1107 3130 1165 3185 ort.

168 3204 198 3263 1.
214 3202 421 3282 obligationem
441 3221 503 3266 esse
514 3203 676 3266 accusandi.
689 3205 817 3265 Crimina
830 3215 928 3267 autem
943 3216 1044 3267 contra
1055 3205 1165 3269 bonum

167 3304 323 3348 commuue
334 3294 404 3347 sunt
416 3283 551 3360 haeresis,
564 3287 685 3348 rebellio
698 3331 707 3359 ‚
727 3288 888 3349 falsificatis
899 3296 1104 3362 monetarum,
1118 3286 1165 3350 bo

166 3369 303 3443 micidia,
321 3380 351 3429 et
364 3372 441 3432 lurta
461 3371 500 3432 ab
517 3372 662 3433 amassims
679 3415 687 3441 ‚
705 3381 756 3432 aut
783 3373 898 3435 viarum
919 3373 1129 3450 grassatoribus
1152 3393 1160 3431 ι

165 3454 279 3512 addunt
297 3454 346 3513 alii
366 3455 605 3517 subornationem
625 3456 830 3535 suffragiorum
846 3458 878 3517 in
902 3457 1066 3532 cathedris,
1086 3464 1115 3519 et
1133 3456 1163 3515 iu

166 3533 230 3591 aliis
241 3534 440 3600 electionibus.
455 3540 491 3600 Et
503 3540 583 3620 capo
594 3539 676 3604 addit
685 3551 835 3619 peceatum
847 3541 991 3622 religiosi,
1008 3539 1089 3620 quod
1101 3557 1163 3622 pra·
