2602 4198
186 196 244 261 588
400 200 466 264 Lib.
480 204 510 264 6.
531 205 627 264 Tenet.
640 204 670 263 2.
685 200 730 264 De
746 190 976 282 conpensatione.

186 297 340 362 benedicto.
359 301 467 362 Forma
486 310 586 364 antem
599 310 663 364 estc
678 301 768 383 Sipno
783 310 810 363 te
826 303 1030 384 sepnocracis,
1047 298 1076 368 ct
1091 303 1190 389 conpr·
1289 288 1290 355 i

184 400 232 443 mo
253 392 280 443 te
301 383 454 446 chrismate
470 383 594 458 salutis,
609 387 642 447 in
661 388 778 447 nantino
794 389 914 463 Patris,
927 397 956 449 et
972 387 1061 468 Filii,
1081 402 1110 454 et
1124 395 1189 474 Spi-

183 466 262 528 ritris
283 471 391 530 sancti·
406 469 585 532 ordinarius
604 472 738 533 minister
756 480 799 532 est
815 471 996 552 Episcopus,
1011 482 1040 535 et
1053 476 1120 538 cnm
1137 498 1189 541 ca·

185 559 262 612 teras
274 554 424 614 unctiones
434 553 559 635 simplest
572 553 816 617 sacerdosooleat
826 554 972 635 exhibere,
984 557 1061 619 lane
1072 565 1191 626 nortnisi
1289 624 1290 627 ,

183 636 346 717 Episcopus
370 637 448 701 delet
469 639 617 719 conferre,
641 639 715 721 qaia
739 639 774 700 cle
802 638 872 701 solis
895 641 1037 721 apostolis
1061 641 1187 725 loquar,
1289 690 1290 695 1

183 737 309 799 quoram
320 722 409 782 oicem
428 732 526 785 tenent
533 724 687 806 Episcopi,
700 723 780 804 quod
790 742 844 806 por
857 726 967 786 manns
978 728 1189 808 impositionem

182 803 328 883 Spiritum
341 816 476 868 sanctam
496 808 626 881 minat,
640 806 886 888 qaeocaelmoeleim
902 809 1027 869 Aetnam
1046 812 1188 892 apostolo·

182 904 251 947 rum
263 887 345 952 lectio
364 889 557 971 manifestat:
575 891 649 953 Cam
660 892 739 952 enine
757 891 908 953 andusent
920 892 1188 977 (inquimapostoli,
1289 910 1290 915 ’

181 972 236 1049 pai
252 983 338 1034 erant
350 973 561 1054 Hierosolymis
571 1022 579 1047 ‚
589 976 663 1056 quio
678 975 829 1057 recepisset
840 977 981 1038 Samaria
991 979 1111 1041 cabum
1122 983 1187 1054 Dei,

182 1056 327 1118 irriserunt
342 1058 383 1121 orl
402 1078 450 1122 eos
468 1063 593 1122 Petram
615 1069 644 1121 et
665 1063 839 1131 loannem,
862 1060 916 1142 qui
935 1061 1187 1137 camarensem,

182 1151 403 1226 oraveruntpro
420 1146 487 1219 eis,
507 1152 541 1205 ut
553 1144 715 1226 acciperent
726 1142 873 1224 Spiritum
883 1154 1018 1207 sanctam
1032 1171 1043 1207 .·
1058 1148 1188 1210 nonlim

181 1225 261 1286 cotim
281 1228 316 1288 in
337 1248 515 1312 quemquam
537 1228 657 1291 illorum
673 1237 812 1302 vannat,
835 1229 886 1291 secl
909 1229 1058 1312 baptizati
1072 1233 1189 1294 tantine

181 1320 268 1371 erant
283 1313 316 1374 in
327 1315 445 1376 nomine
454 1314 579 1377 Domini
590 1317 683 1377 lesa.-
697 1323 766 1376 tane
779 1313 969 1395 imponebant
982 1335 1092 1377 suanus
1102 1335 1189 1398 snper

182 1391 305 1469 illos‚et
314 1399 493 1480 accipiebant
503 1396 805 1479 Spiritnm'sanctam.
819 1400 893 1459 Loco
911 1407 1010 1459 antem
1027 1397 1112 1462 illins
1120 1420 1190 1462 nea·

182 1482 241 1542 niis
258 1482 453 1563 impositionis
473 1483 564 1545 latur
586 1485 619 1544 in
638 1481 768 1546 Ecclesia
788 1482 984 1564 confirmatio.
1003 1487 1092 1546 Juxta
1114 1485 1188 1563 hane

182 1563 383 1629 definitionem
403 1568 534 1649 Eupenii
540 1614 551 1645 ‚
566 1577 596 1630 et
608 1570 723 1629 concilii
736 1614 744 1639 ‚
756 1569 855 1646 plures
866 1577 997 1629 auctores
1012 1570 1118 1631 dicunt
1127 1589 1189 1633 esse

181 1650 310 1723 deiide,
327 1651 408 1729 qudd
425 1655 486 1714 sola
498 1654 599 1713 unctio
611 1651 777 1713 chrismatis
795 1653 833 1712 sit
848 1653 970 1712 materia
984 1655 1188 1718 confirmatio·

181 1735 238 1796 nis.
252 1735 308 1795 Sed
321 1735 391 1797 huic
408 1739 525 1798 decreto
539 1738 596 1798 tria
612 1736 757 1814 objiciunt
766 1738 934 1798 adversarii.

219 1821 380 1898 opponunt
395 1823 419 1881 1.
435 1821 516 1900 qudd
526 1818 595 1882 cim
605 1824 757 1902 Bapenins
772 1820 828 1882 hoo
843 1822 994 1882 decretum
1008 1821 1115 1900 edidit,
1123 1823 1187 1901 jam
1289 1820 1290 1895 J

180 1906 310 1966 solutum
330 1914 392 1966 erat
409 1907 578 1967 concilium.
598 1906 655 1966 Sed
670 1905 866 1985 respondetur
887 1903 943 1966 hoc
963 1923 1024 1966 non
1046 1924 1110 1968 esse
1136 1924 1188 1968 ve·
1289 1936 1290 1977 ἦ

180 2010 265 2064 rum,
283 1989 351 2051 licet
372 1992 451 2052 enim
468 1992 560 2052 Groeci
582 1990 766 2051 discesserint
783 1989 799 2050 ia
820 1991 959 2061 concilio,
980 2001 1189 2055 remanserunt
1289 2054 1290 2057 ,

179 2085 278 2136 tamen
294 2084 391 2154 patres
405 2076 515 2146 Latini,
529 2085 558 2136 et
570 2076 687 2154 ipsimet
701 2075 792 2135 Graeci
809 2092 981 2135 consensum
1000 2084 1069 2135 ante
1079 2075 1189 2136 disces·
1219 2140 1224 2145 „
1289 2074 1290 2085 ¹

178 2180 244 2221 sum
258 2160 426 2238 prebuere,
437 2158 516 2237 qudd
532 2160 687 2220 concilium
701 2159 877 2237 persisteret.
893 2161 1092 2236 Praeterquam
1104 2159 1188 2237 quod

179 2246 302 2305 dicimus
316 2263 384 2305 eum
396 2246 434 2304 P.
449 2243 535 2305 Berti
544 2288 552 2316 ‚
568 2251 596 2304 ct
617 2242 766 2306 commoni
782 2262 843 2303 esse
862 2242 984 2304 omnino
996 2241 1075 2303 certe
1086 2252 1191 2303 tenen-

178 2331 246 2390 dam
267 2328 305 2389 ab
324 2328 462 2388 omnibus
480 2330 678 2406 sententiam,
695 2328 775 2406 qudd
792 2328 929 2388 Pontifex
947 2327 979 2387 iu
998 2327 1058 2387 suis
1076 2326 1190 2387 defini·
1289 2318 1290 2361 t

178 2414 308 2474 tionibus
324 2415 399 2473 circa
414 2411 507 2474 ‘fidem
525 2423 568 2473 est
588 2431 642 2490 per
661 2430 692 2473 se
706 2411 886 2482 infallibilis,
900 2420 934 2471 ut
949 2410 1138 2488 probavimus
1151 2411 1186 2471 in

177 2500 278 2558 disser.
293 2497 385 2575 posita
398 2498 428 2557 in
444 2501 542 2559 Tract.
557 2496 592 2559 ele
602 2493 686 2577 lepilo.
698 2516 724 2557 c.
739 2499 768 2558 t.
781 2495 850 2558 aab.
865 2498 894 2557 2.
906 2494 1009 2575 infime
1020 2512 1057 2554 ea
1069 2514 1103 2554 n.
1113 2497 1185 2555 tto.

177 2580 322 2646 Caeterirm
343 2584 447 2661 nequit
466 2583 543 2663 dici,
558 2582 714 2642 concilium
734 2600 769 2642 ex
783 2582 908 2641 discessu
919 2582 1088 2642 Graecorum
1103 2581 1186 2642 solu-

176 2677 239 2726 tum
250 2666 337 2726 fuisse
350 2675 456 2744 ,prout
470 2668 633 2744 loquantur
643 2666 801 2726 adversarii
813 2683 849 2725 ex
860 2662 1035 2745 spondam,
1048 2673 1079 2725 et
1090 2664 1183 2727 Carti.

176 2749 376 2828 Pallaaicino;
392 2768 460 2811 nam
475 2749 652 2831 spondanus
661 2769 739 2812 anno
749 2752 836 2812 taso.
850 2748 983 2827 expresse
998 2751 1185 2825 contrarium

176 2837 266 2897 refert
286 2836 385 2895 dicens
406 2856 414 2893 r
433 2836 503 2896 Non
521 2836 584 2895 aad
598 2853 665 2895 cum
683 2837 851 2896 Gracorum
868 2833 994 2895 anasse
1005 2832 1188 2913 dissipatam

175 2938 233 2983 esse
257 2918 407 3000 Spnodam
423 2917 642 2990 Florentinum,
656 2917 707 2980 sel
726 2920 929 2979 continuatam
953 2932 1021 2977 curn
1042 2914 1186 2997 patritias

175 3003 291 3066 Latinis
300 3002 389 3065 arenis
396 3000 488 3064 tribas
495 3001 690 3081 sequentibus.
698 3005 735 3062 Et
744 3002 823 3063 idem
833 3011 956 3063 testatur
965 2996 1185 3062 Pollaoicinns.

213 3091 373 3168 Opponnnt
396 3090 426 3149 Ε).
447 3087 526 3166 qudd
551 3086 704 3167 Enpenius
726 3086 898 3166 assignando
923 3087 1095 3146 unctionem
1124 3103 1186 3163 pro

175 3175 314 3247 materia,
328 3192 388 3234 non
403 3174 558 3250 assignavit
570 3174 651 3232 iliam
666 3189 720 3250 pro
734 3173 854 3232 materia
874 3170 1038 3243 essentiali,
1050 3168 1102 3229 sed
1114 3177 1188 3230 tan-

174 3258 237 3319 tiam
251 3276 306 3335 pro
322 3259 515 3328 accidentali,
537 3266 626 3335 prout
640 3258 700 3336 egit
712 3254 884 3334 assignando
903 3255 1121 3333 porrectionem
1133 3253 1188 3313 in-

173 3351 408 3402 strumentorum
424 3341 517 3418 (nutld
537 3342 611 3401 secti
629 3341 780 3401 mentione
803 3340 999 3417 impositionis
1024 3339 1189 3416 manuum)

173 3441 227 3497 pro
243 3426 365 3483 materia
381 3424 510 3497 ordinis,
523 3426 554 3485 in
573 3442 633 3503 quo
651 3424 832 3501 probabilior
843 3431 887 3483 est
899 3431 1053 3483 auctorum
1066 3431 1189 3484 senten·

174 3505 231 3573 tia,
245 3506 461 3582 impositionem
475 3527 617 3568 manuum
626 3526 688 3568 esse
699 3509 852 3569 materiam
867 3507 1052 3567 essentialem
1063 3548 1072 3577 ,
1083 3516 1115 3565 et
1134 3506 1190 3566 in·

175 3589 406 3648 sti-mnentorom
416 3593 640 3668 porrectionem
661 3611 724 3654 esse
744 3592 868 3654 tantdm.
880 3590 1110 3663 accidentalem,
1135 3591 1191 3651 uel
