2602 4198
351 220 424 305 Cap.
439 222 470 288 2.
487 221 528 284 De
542 221 777 292 coniectatione.
794 225 871 294 Det.
888 232 918 295 l.
1072 235 1130 302 sot

122 323 233 396 erucis,
246 326 282 383 ut
300 322 389 385 Suae.
402 318 433 384 d.
450 323 498 384 te.
508 320 637 387 elSolrrr.
648 325 684 389 de
700 326 835 411 confimo.
848 348 873 391 c.
886 326 916 393 2'.
931 349 965 413 p.
979 334 1011 398 2.
1027 353 1059 399 ιι.
1076 339 1127 400 78.

125 424 194 476 cum
205 404 275 467 Pol.
291 413 320 466 ct
333 407 446 467 Bonos.

135 561 138 566 ,
162 491 277 551 let...
294 514 307 543 ι
327 491 415 568 llcsp.
436 490 466 550 4.
484 489 590 575 Borma
602 508 690 566 vera,
713 501 744 555 et
763 498 941 573 necessaria,
957 500 989 561 in
1003 502 1128 568 Ecclesia

73 604 76 609 -
123 597 138 633 ιι
161 573 252 634 latina
265 580 327 635 est:
342 573 432 653 suno
448 572 495 652 (ut
512 572 600 637 habet
620 575 719 655 leid.)
739 579 786 639 vel
810 580 954 662 conopeo
971 586 1017 666 (ut
1041 585 1130 654 habet

121 679 138 737 ιι
156 653 311 733 874647.)
327 655 573 736 memmerunt,
589 656 768 739 eteonfirmo
786 669 813 724 te
828 663 984 731 chrismate
1000 665 1128 747 salutm,

120 764 136 794 ιι
159 739 193 801 io
220 738 338 801 nomiae
357 740 476 811 Patris,
494 746 547 802 etc.
571 743 606 805 ln
629 759 688 821 qua
705 742 808 807 utrdm
832 747 870 808 de
889 754 1012 814 essentia
1032 755 1072 815 sit
1092 766 1128 819 ut

120 848 136 878 ιι
160 829 286 901 utraque
309 824 384 884 actio
408 822 560 901 signandi,
573 833 603 886 et
622 827 752 905 ungendi
774 830 908 908 expresse
924 835 1124 916 significetur,

121 933 137 971 ιι
161 908 314 986 disputent
332 906 508 969 scholastici.
523 908 628 990 leym.
642 907 749 974 errice.
761 919 783 974 t.
801 916 831 976 5.
853 914 884 977 d.
902 918 950 981 lo.
967 920 1039 987 Coo·
1061 918 1084 984 7.
1098 941 1125 985 c.

121 1015 136 1045 ιι
160 989 260 1052 orlei.
271 991 366 1053 Dian.
377 1009 404 1052 r.
419 991 469 1052 77.
621 1054 626 1061 ,
728 995 732 999 “
783 1011 787 1015 ·

157 1076 289 1150 Quatuor
312 1075 420 1135 adsunt
439 1075 592 1138 sententie
618 1076 695 1139 circa
723 1079 850 1143 sormam
869 1085 1121 1154 confirmationis:

157 1159 341 1220 LSeotentic
355 1166 399 1217 est
413 1159 517 1220 eorum
530 1161 582 1236 qui
601 1166 704 1223 tenent
726 1165 819 1226 solam
837 1167 1056 1246 impositionem
1066 1193 1124 1236 ma·

117 1257 213 1307 nuum
223 1257 284 1301 esse
297 1239 476 1317 adaequatam
485 1242 639 1304 materiam
648 1242 737 1322 hujus
750 1252 935 1322 sacramenti,
946 1253 1013 1316 ided
1021 1256 1124 1319 dicunt

30 1332 33 1337 ‘
116 1325 243 1384 formum
256 1323 416 1385 essesolam
430 1323 610 1400 orationem,
622 1343 689 1404 quae
701 1330 840 1416 praecedit
862 1335 1030 1398 unctionem
1044 1359 1054 1417 3
1071 1334 1123 1401 sed

116 1405 181 1468 lraec
188 1406 332 1468 sententia
340 1406 510 1468 cstomnind
517 1407 598 1485 salsa,
609 1420 699 1489 prout
711 1414 900 1491 probavimus
908 1421 996 1498 suprlr
1007 1441 1040 1483 n.
1052 1425 1120 1488 lot.

157 1489 357 1552 limenensis
369 1498 413 1551 est
428 1507 532 1551 eorum
548 1492 600 1571 qui
615 1502 717 1556 tenent
738 1503 803 1558 tum
826 1499 1043 1578 impositionem
1059 1526 1122 1571 ma·
1144 1572 1154 1583 ,

116 1591 232 1646 nuum,
247 1589 312 1652 quae
324 1573 493 1635 unctionem
504 1575 665 1652 praecedit,
683 1584 747 1638 tum
757 1583 925 1644 unctionem
941 1586 1048 1667 ipsam,
1060 1608 1123 1653 esse

115 1656 253 1718 materias
274 1656 427 1734 partiales;
446 1656 527 1718 unde
543 1657 648 1719 dieunt
665 1659 791 1724 sormam
812 1667 971 1731 coalescere
988 1689 1025 1732 ex
1042 1673 1120 1736 dicta

115 1741 250 1802 oratione
266 1739 462 1819 precedenti,
485 1749 515 1800 et
531 1758 568 1801 ex
582 1743 680 1803 verbis
699 1744 869 1811 unctionem
886 1753 1117 1836 comitantibus,

114 1833 146 1887 et
155 1824 197 1885 sie
212 1824 343 1885 sentiunt
353 1821 477 1884 toenio.
493 1820 598 1885 Nestoi.
610 1823 755 1889 Alexand.
775 1831 857 1891 Gotti
868 1841 897 1892 et
909 1836 1066 1919 Touroeiy.
1136 1889 1140 1900 .

47 1967 52 1974 ,
153 1907 207 1969 111.
218 1904 368 1968 Sententia
377 1905 531 1984 singularis
552 1916 597 1966 est
610 1909 832 1973 continuatoris
847 1916 1120 2002 Touroely‚'nempc

112 1991 153 2052 P.
173 1985 271 2051 celiel.
288 1987 476 2069 deqconlirm.
493 2006 560 2070 cop.
573 1991 605 2050 4.
617 1990 669 2051 ubi
691 1992 848 2054 difficulter
870 2000 981 2077 percipi
1001 2013 1118 2080 potest,

87 2072 173 2151 ‘qud
189 2072 276 2134 lirmd
298 2073 414 2134 ratione
436 2069 485 2132 hle
511 2071 581 2132 aliis
603 2073 705 2135 doctus
725 2085 828 2136 auctor
844 2096 898 2156 pro
924 2084 1009 2143 unica
1028 2095 1119 2147 mate·

113 2156 158 2219 ria
167 2198 176 2230 ‚
185 2170 274 2234 mam
287 2155 349 2233 ipse
360 2161 462 2229 tuetur
476 2155 589 2218 adassse
600 2156 633 2218 in
648 2156 894 2225 hccsucmmento
907 2208 917 2241 ,
930 2165 1037 2231 deinde
1047 2170 1118 2234 velit

113 2254 179 2298 eam
194 2237 305 2316 duplici
321 2236 416 2305 sormi
430 2237 573 2317 indigere.

151 2319 204 2381 tv.
215 2319 367 2382 Sententia
388 2328 432 2382 est
451 2330 566 2397 nostra,
586 2332 616 2384 et
633 2327 821 2402 communis,
843 2348 934 2407 quam
956 2335 1118 2405 defendunt

112 2418 215 2467 omnes
227 2413 358 2465 auctores
370 2403 450 2465 citati
463 2403 550 2482 suprd
568 2423 600 2466 re.
616 2408 628 2466 l
635 2407 683 2467 64.
694 2427 722 2468 o.
733 2409 790 2471 Hie
802 2411 882 2475 eadit
888 2460 899 2492 ,
915 2416 1014 2496 eisquc
1032 2439 1064 2482 se
1076 2441 1116 2484 as·

111 2486 202 2550 sociat
218 2487 257 2548 P.
275 2485 403 2548 cosona
414 2531 422 2557 ‚
435 2488 487 2565 qui
504 2488 572 2548 licet
592 2491 722 2550 tenuerit
739 2500 761 2552 t.
774 2495 806 2555 7.
824 2493 860 2556 dc
879 2497 1013 2578 confirm,
1034 2523 1061 2566 e.
1081 2510 1112 2568 2.

111 2569 259 2648 duplicem
277 2587 339 2631 essc
356 2569 508 2631 materiam
531 2569 619 2648 hujus
639 2578 829 2654 sacramenti,
849 2588 976 2644 attamen
996 2602 1062 2669 cop.
1083 2593 1114 2653 5.

111 2670 144 2712 n.
165 2654 196 2713 4.
214 2653 304 2714 sentit
315 2670 411 2715 unam
433 2671 496 2713 esse
513 2653 649 2714 sormam.
670 2658 802 2719 Dicimus
819 2661 929 2739 igitur,
945 2668 1025 2745 qudd
1041 2673 1116 2737 sicut

103 2734 209 2797 ,totalis
230 2733 353 2797 materia
367 2736 517 2813 adaequata
528 2736 760 2800 confirmationis
775 2750 820 2803 est
832 2747 934 2810 unctio
951 2748 1114 2818 chrismatis

111 2816 242 2880 adhibita
257 2834 447 2898 permenam
462 2819 617 2898 Episcopi,
630 2823 672 2883 sic
690 2823 788 2886 totalis
806 2826 900 2891 forma
914 2843 985 2895 sunt
1002 2838 1113 2914 rerba,

110 2916 177 2979 qum
199 2901 359 2981 Episcopus
376 2902 514 2976 ungendo
536 2904 671 2982 profert.-
686 2906 777 2987 suno
797 2917 824 2971 tc
848 2914 932 2996 sipon
951 2918 1062 2996 aare,
1085 2930 1116 2982 et

108 2978 248 3062 confirmo
261 2991 287 3045 te
299 2983 455 3045 cirismorc
473 2982 598 3062 adure,
619 2988 654 3048 in
672 2991 790 3055 nomine
806 2995 927 3069 Petris,
942 3006 971 3058 et
983 2998 1073 3074 Filii,
1084 3011 1114 3063 ct

107 3064 239 3145 spiritate
250 3075 356 3149 sancte.
375 3069 422 3127 Sic
438 3068 539 3129 docuit
556 3070 588 3129 S.
603 3070 730 3134 Thoosae
743 3076 772 3136 5.
783 3094 818 3156 p.
828 3096 878 3157 qu.
890 3079 939 3141 72.
956 3086 1015 3142 art.
1028 3085 1060 3146 4.
1075 3087 1113 3148 Et

106 3149 150 3211 sic
167 3149 302 3212 definivit
319 3146 471 3231 nopotis
481 3153 501 3212 l
504 3155 539 3216 V.
554 3169 622 3224 cum
638 3156 760 3217 concilio
772 3159 940 3222 Florentino
950 3163 981 3222 in
994 3164 1111 3232 decreto

106 3230 147 3305 ad
161 3230 305 3294 Armenes
318 3234 417 3295 dicens
431 3255 440 3294 ε
456 3237 565 3296 Formo
579 3244 678 3297 aurem
691 3245 752 3298 est.-
761 3240 852 3321 Sipno
866 3250 891 3303 le
906 3244 990 3324 sipno
1002 3249 1109 3330 crucis,

106 3320 137 3374 et
153 3312 292 3394 confimo
308 3315 639 3396 torneamentum,
656 3337 724 3380 cum
736 3323 800 3384 aliis
815 3325 911 3408 verbis
928 3346 994 3404 quac
1008 3334 1111 3394 retuli·

106 3394 274 3477 mussuprl¹
294 3401 383 3462 citato
407 3421 440 3463 ιι.
463 3404 531 3464 lot.
553 3404 746 3482 quibuslicet
770 3408 903 3470 Pontifex
928 3413 1109 3478 montionem

105 3480 193 3541 saciat
205 3476 339 3560 expresse
349 3484 735 3631 depretioneapostolorum
745 3491 841 3561 Actor.
849 3493 878 3553 8.
891 3492 1001 3554 nnllam
1011 3505 1108 3560 tamen

106 3562 195 3707 ιιΙίιΤιιι
211 3560 296 3712 docvet
311 3585 372 3630 esse
399 3586 533 3646 ormam,
548 3569 636 3650 quim
647 3569 722 3633 hanc
740 3591 808 3635 mox
820 3575 907 3657 suprd
917 3570 1105 3722 {discriptam

174 3662 232 3708 om.
280 3689 290 3710 .
