2610 4186
128 227 187 289 191
304 225 368 287 tit.
383 227 412 286 o.
433 229 529 288 Truet.
544 228 573 285 1.
587 227 632 286 De
641 224 833 286 sacramentis
846 227 877 286 ire
888 242 1003 307 praere.

128 336 162 387 ut
180 325 299 389 lessius
318 324 370 388 tio.
388 329 416 387 1.
438 345 463 385 c.
484 328 533 387 10.
548 346 581 387 a.
601 329 651 387 11.
676 323 790 387 Padum
809 334 832 389 t.
849 330 878 387 5.
896 335 933 386 ir.
951 326 1085 389 1111.
1099 347 1132 390 a.

128 415 276 474 1181113
296 408 317 473 1.
334 412 363 472 7.
379 431 411 495 q.
430 416 460 473 1.
482 414 665 474 (1111111111
676 414 750 492 Fup.
769 410 862 471 Prad.
877 421 927 472 etr.
943 410 1025 492 apud
1039 410 1133 475 Sulm.

128 504 166 555 ir.
181 498 230 556 17.
249 494 284 557 de
301 504 368 558 voto
386 515 410 557 e.
428 498 457 556 1.
471 514 503 576 p.
523 497 554 556 1.
567 494 594 576 §-
618 499 648 558 1.
665 515 699 556 a.
724 497 773 557 10.
790 495 893 555 dieunt
910 496 1031 557 omnini
1051 497 1134 556 invo-

127 578 221 641 lidum
238 597 300 640 esse
313 577 482 657 hujusmodi
507 588 630 648 votum.
645 580 714 658 quie
739 596 891 656 nunquam
906 588 949 639 est
965 579 1003 639 de
1018 581 1134 641 meliori

128 664 221 737 hono,
233 664 309 723 sieut
327 673 371 724 est
394 663 557 725 soelibutus.
573 663 632 723 Atii
647 663 736 732 veri.
759 673 792 724 ut
811 661 919 724 Sanni.
931 665 1001 724 Dee.
1018 660 1041 722 1.
1063 665 1093 723 1.
1106 683 1131 724 r.

127 750 158 810 8.
172 767 204 807 u.
219 749 268 809 m.
283 745 427 809 Bedarm.
442 744 464 808 1.
478 749 508 809 1.
522 746 557 809 de
574 765 655 808 moa.
669 767 693 809 e.
709 748 757 809 11.
781 746 815 807 in
831 745 887 826 fio.
910 749 988 808 Bou.
1003 750 1082 809 Nau.
1106 756 1137 808 et

127 829 226 914 piures
246 830 429 893 communitio
452 851 519 892 euru
545 829 639 894 Salm.
658 828 681 892 1.
695 849 719 893 o.
741 852 773 894 a.
791 834 841 892 11.
861 839 889 891 et
908 832 956 891 11.
977 841 1131 902 asserunt,

127 928 198 979 tnnc
216 915 311 978 solium
333 917 463 978 validum
483 935 546 978 esse
567 927 692 988 votum,
711 917 828 997 qnando
850 934 958 977 vovens
975 917 1068 987 nolit,
1082 928 1133 977 nut

128 1018 188 1061 non
209 1001 298 1079 possit
321 1002 385 1062 otiis
398 1002 503 1063 modiis
518 1002 572 1062 uti.
586 1002 669 1062 idem
681 1002 723 1061 ait
743 1002 851 1083 Sporer
868 999 902 1061 de
914 1008 979 1060 voto
990 1020 1022 1060 n.
1042 1002 1091 1062 61.
1105 1008 1135 1059 et

128 1086 176 1146 m.
195 1086 315 1159 dicens,
338 1086 418 1165 quid
438 1087 488 1147 teli
513 1092 582 1146 roto
610 1085 758 1164 obligetur
782 1083 898 1145 tentum
918 1086 962 1145 is.
986 1087 1038 1163 qui
1053 1085 1133 1147 uliud

127 1170 293 1231 remedium
306 1170 446 1232 adhibere
465 1171 551 1232 nolit.
563 1169 644 1231 idem
656 1170 757 1230 asserit
770 1178 804 1228 ut
815 1179 927 1228 rentum
948 1171 1054 1248 Lopm.
1069 1167 1132 1230 1.1.

128 1264 167 1315 te.
178 1258 209 1316 1.
224 1274 248 1316 1.
262 1257 293 1316 1.
306 1275 339 1316 a.
356 1254 465 1316 111ιί5
487 1255 602 1316 serbis:
615 1252 777 1315 Dicendum
796 1251 920 1315 seniendi
938 1272 1003 1314 eune
1015 1252 1132 1325 dessio,

128 1348 156 1402 et
169 1338 289 1412 Gonia„
307 1336 364 1399 tude
388 1348 487 1401 votum
507 1336 712 1420 oblipntorium
730 1358 789 1399 enee
819 1335 975 1398 seeunddm
995 1336 1135 1418 hypothe-

127 1423 199 1497 sim,
217 1425 246 1484 ei
261 1424 294 1483 in
308 1420 364 1484 tadi
373 1431 453 1484 etam
474 1422 613 1504 percandi
628 1439 820 1502 perseverem,
834 1430 862 1481 et
881 1439 942 1481 noa
954 1420 1050 1482 medin
1071 1418 1136 1503 effi·

127 1507 208 1568 racia
223 1506 377 1568 adhibeam
397 1506 437 1566 ad
453 1504 699 1581 emendatimeem,
716 1523 783 1585 qam
801 1524 866 1566 cum
881 1504 937 1565 Dei
951 1505 1053 1585 pratia
1065 1524 1135 1586 pos·

127 1609 192 1651 eum
204 1615 215 1667 ,·
229 1589 275 1651 ito
286 1599 322 1650 ut
347 1588 416 1652 talis
433 1589 519 1652 domo
542 1587 626 1651 aliud
639 1608 740 1651 umere
756 1588 912 1650 reuerendus
928 1607 989 1649 uon
1001 1590 1058 1662 sit,
1071 1589 1135 1651 nisi

127 1673 180 1734 dec
196 1672 300 1735 saltem
318 1672 478 1736 remedium
499 1672 640 1755 (puodeet
651 1673 838 1753 nuptiarum)
852 1671 976 1751 peccatis
994 1672 1057 1740 seete
1078 1675 1135 1736 ad·

127 1756 292 1818 hibiturum
307 1758 357 1828 ,ei
367 1754 484 1839 aliquid
498 1755 618 1825 modim,
631 1755 761 1837 quodest
773 1757 964 1827 commentia,
979 1775 1038 1818 emm
1052 1758 1134 1820 odini·

127 1840 223 1906 buerit
244 1841 453 1923 ridedque,ei
474 1841 596 1924 firmum
620 1840 685 1923 ejus
715 1841 919 1924 propositum,
947 1848 977 1902 et
995 1851 1132 1904 conatum

125 1935 246 2010 praeiet
256 1970 264 1998 ‚
275 1928 296 1986 d
309 1935 375 1988 uoto
391 1923 543 1987 liberatur.

166 2010 314 2072 Instabis:
334 2011 385 2072 sod
403 2010 494 2072 iniens
514 2011 615 2073 nolens
634 2019 705 2071 tuno
726 2011 858 2085 nubere,
879 2020 1012 2073 remanet
1033 2021 1134 2076 tamen

126 2094 222 2167 liber,
237 2104 271 2155 ut
290 2094 382 2174 possit
398 2094 510 2156 nubere
523 2104 620 2172 postea
634 2097 659 2155 si
678 2097 772 2172 relit3
788 2113 848 2155 non
870 2095 911 2156 sie
938 2096 1134 2158 subdiaconus

126 2188 192 2258 post
223 2189 391 2259 susceptum
416 2179 563 2241 ordinem.
588 2180 812 2258 Responderi,
838 2181 888 2240 sed
914 2180 938 2241 si
958 2180 1008 2241 ille
1040 2183 1132 2241 laicus

125 2271 266 2325 statueret
280 2262 368 2325 firmo
378 2265 496 2333 animo,
508 2264 745 2341 nunquumueiie
757 2266 944 2326 matrimonio
954 2265 1058 2343 ligeri,
1080 2265 1133 2325 sed

126 2348 189 2409 oliis
198 2347 304 2410 mediis
314 2350 358 2408 uti
370 2392 380 2425 ,
395 2346 539 2425 numquid
550 2346 588 2406 ob
600 2345 656 2407 hoo
666 2349 774 2426 poterit
784 2350 809 2408 ei
817 2348 960 2409 absolutio
970 2348 1133 2428 denegari?

164 2434 215 2496 76.
229 2435 364 2495 -Dioes
379 2436 430 2493 iV.
448 2435 538 2495 Donet
557 2436 599 2494 D.
612 2434 769 2516 Greporius
785 2433 829 2512 (ia
839 2429 988 2496 Postumi.
1004 2453 1037 2514 p.
1062 2433 1105 2511 1.)
1123 2454 1132 2491 :

126 2520 197 2581 Non
208 2517 287 2580 debet
305 2515 417 2600 aliquio
435 2535 497 2578 noa
505 2526 651 2600 perpetue
670 2537 756 2580 narra
772 2519 912 2598 mysteria
934 2516 1026 2579 adire.
1048 2521 1134 2581 Unde

128 2600 408 2682 Jueaiaus(0p.de
420 2618 584 2662 sacramen.
610 2599 633 2661 1.
652 2601 690 2681 e.)
710 2604 751 2663 ait
775 2621 834 2664 non
856 2621 939 2682 posse
963 2606 1132 2681 promoveri

128 2687 164 2746 nd
180 2704 275 2747 saeros
293 2686 432 2755 ordines,
450 2685 501 2761 qui
523 2686 656 2747 nondum
678 2695 792 2765 peemte
812 2688 944 2766 purgarit
963 2703 1016 2764 per
1035 2688 1134 2749 eondi-

127 2789 192 2849 gnie
208 2768 389 2847 poenitentiae
401 2768 525 2828 labores.
541 2769 598 2829 Sed
609 2770 804 2848 respondetur
817 2771 922 2831 eumS.
934 2768 1063 2839 Thema,
1079 2773 1132 2848 qui

126 2856 166 2935 (1.
180 2856 209 2914 1.
219 2870 250 2932 q.
261 2854 327 2913 tet.
340 2872 371 2912 a.
386 2851 429 2929 1.)
441 2869 575 2929 querens
582 2897 592 2929 ‚
606 2853 707 2913 atrim
724 2850 809 2915 liceat
820 2855 1018 2934 episcopatum
1034 2854 1133 2934 injun-

125 2947 204 2999 dum
214 2936 336 2997 omniud
352 2936 677 3012 remmuretltespondet
690 2935 730 2998 ad
742 2936 841 3019 object.
859 2940 889 2998 1.
905 2938 948 3014 (in
968 2956 1025 3015 quo
1042 2932 1133 2998 refert

125 3021 242 3101 prefata
259 3020 349 3080 verba
378 3022 420 3080 D.
435 3017 583 3100 Greporie]
604 3018 683 3098 quid
702 3022 726 3081 si
746 3021 990 3099 impedimentum
1007 3031 1133 3099 nequeat

126 3109 190 3168 tolli
209 3106 225 3166 'a
240 3105 357 3167 subdito
372 3150 380 3177 ‚
400 3115 472 3166 tune
488 3123 549 3166 nnn
573 3114 690 3166 tenetur
701 3107 842 3178 obedire,
856 3106 925 3185 quio
937 3108 1037 3168 nullus
1049 3117 1133 3168 tene·

126 3200 178 3252 tur
195 3190 316 3252 obedire
330 3191 367 3251 ud
379 3191 497 3268 uliqnod
513 3189 759 3265 illinitum3seei1s
770 3199 888 3258 autem,
904 3189 931 3251 si
946 3189 1132 3271 impedimen·

127 3282 190 3335 tum
207 3274 350 3335 remoueri
366 3283 460 3356 potest
473 3293 527 3356 per
546 3276 727 3419 Jemeurmem
736 3277 812 3356 putd
828 3274 856 3335 si
871 3272 977 3335 habeat
991 3273 1131 3355 peccandi

123 3357 322 3438 propositum,
341 3357 420 3439 quod
438 3367 532 3440 potest
566 3375 680 3419 merere.
698 3357 774 3438 Ergo
794 3357 936 3435 supponit
956 3357 1129 3436 Angetious,

125 3439 278 3516 quidl‘cet
289 3441 376 3500 elicui
383 3460 462 3501 suom
472 3443 612 3520 mysteria
625 3441 907 3520 odire‚suseipiendo
919 3443 1128 3520 episeoputum,

125 3518 264 3581 ueletiam
272 3539 370 3582 saurae
383 3522 499 3585 ordines
515 3523 561 3603 (ut
572 3525 682 3585 ibidem
691 3521 856 3603 subditur),'
869 3524 981 3584 etiamsi
994 3521 1128 3584 nondum

125 3598 189 3657 siti
203 3603 263 3661 suis
272 3606 396 3680 peccetis
408 3614 549 3687 purgatus
560 3628 570 3686 3
581 3607 742 3669 dummodd
754 3651 763 3682 ,
773 3618 808 3669 ut
824 3607 1066 3695 supponendum,
1091 3607 1128 3667 sit
