2602 4198
371 232 442 317 Cap.
457 235 486 296 ⁸2.
505 233 550 296 ile
562 228 791 319 eerastrmattone.
811 236 884 300 Dub
896 236 924 300 l.
1087 234 1146 303 '0¹83

137 352 194 406 test
204 340 373 404 facultatem
384 343 542 411 concedere
552 339 679 421 simplici
689 344 829 404 sacerdoti
840 344 1144 426 confirmandi,prent

57 449 59 453 ·
135 426 303 488 videbimus
317 424 432 488 insece.
443 442 503 506 sep.
515 426 626 504 alid,
638 428 775 488 sicctiana
787 430 898 506 peterit
909 423 1144 492 benedictionem

135 509 301 571 chrismatis
318 512 345 571 ci
373 511 568 571 committere.
588 514 653 572 Nee*
668 512 764 572 ullum
782 528 819 571 ex
842 514 939 572 allatis
959 514 1143 574 documentis

134 595 204 654 satis
220 594 350 666 evincit,
365 592 443 671 qued
468 591 592 654 chrisma
607 610 667 655 non
689 594 786 656 saliam
805 597 843 656 de
856 598 1025 656 necessitate
1041 615 1145 675 praece

133 674 239 820 Etiscd
251 680 340 739 ctiam
362 679 536 738 sacramenti
553 678 656 740 debeat
675 681 836 741 necessarie
854 696 916 740 esse
934 681 971 743 ab
1000 683 1141 760 Episcopo

156 760 337 822 enedictom.
357 762 423 820 Dixi
435 757 611 841 speculativi
628 761 789 842 loquenda,
820 778 889 824 nem
905 766 936 823 in
949 767 1050 842 praxi,
1073 764 1141 824 edm

132 862 183 907 res
207 848 246 989 mil
264 843 348 906 valde
365 844 477 919 dubia,
500 844 597 925 prima
624 849 767 908 scatentia
786 855 821 909 ut
845 848 938 909 tutior
952 846 1075 909 omnine
1097 853 1143 911 est

132 930 222 990 tenen
245 944 272 989 a.

179 1038 192 1067 u
211 1012 242 1075 5.
264 1013 391 1076 Perinde
410 1023 455 1076 est
473 1013 516 1100 ad,
529 1014 720 1076 substantiam
734 1017 923 1088 sacramenti,
943 1016 1005 1077 sive
1016 1015 1139 1078 chrisme

132 1118 147 1153 ιι
171 1097 210 1159 slt
229 1116 361 1172 nevum,
382 1100 444 1159 sive
462 1109 567 1176 vetus;
589 1099 656 1161 lieet
674 1101 803 1178 graviter
828 1108 948 1179 peccet,
973 1101 1024 1177 qui
1044 1102 1139 1161 utitur

131 1178 248 1258 satio,
272 1183 361 1262 quam
382 1200 482 1252 nevo,
515 1183 546 1242 id
569 1190 631 1253 cst,
652 1185 705 1243 illo
734 1202 811 1244 anno
842 1185 1138 1263 conseeratoil):in

119 1276 147 1321 -ιι
171 1280 259 1344 quem
267 1262 360 1327 finem
376 1267 533 1345 quotannis
547 1267 578 1325 in
590 1267 639 1326 die
652 1269 747 1328 Coenae
758 1276 944 1327 consecratur
955 1269 1050 1327 reteri
1064 1284 1140 1328 eom»

131 1368 146 1405 ιι
170 1348 293 1412 husten
311 1350 404 1430 (Idem
422 1352 614 1411 coarmaniter
621 1350 714 1412 Salac.
727 1352 762 1412 de
773 1351 905 1432 conficte.
927 1368 953 1412 et
967 1355 997 1413 2.
1012 1370 1045 1434 p.
1059 1355 1088 1412 l.
1105 1368 1138 1412 u.

130 1432 180 1497 nt.
195 1433 423 1516 cacapsiquis
434 1479 442 1506 ,
454 1433 631 1515 deeeufirm.
648 1435 716 1496 dist.
737 1438 781 1514 d.)

169 1522 238 1580 tet.
251 1552 290 1564 -
307 1543 321 1573 a
333 1522 419 1598 Resp.
442 1518 471 1578 5.
494 1520 614 1579 Materia
637 1519 769 1597 proxima
783 1528 827 1580 est
846 1521 946 1582 unctio
969 1523 1002 1581 in
1022 1522 1136 1592 fronte,

129 1624 145 1660 ιι
168 1619 223 1683 per
231 1618 352 1663 manum
369 1602 502 1680 Episcopi
513 1602 603 1680 (ande
616 1605 704 1664 ctiam
721 1602 777 1664 hoc
798 1614 1012 1665 sacramentum
1034 1605 1138 1664 maniis

130 1714 145 1744 ιι
168 1688 317 1767 impositio
329 1685 462 1746 dieiturb
475 1688 595 1747 &Luce
608 1689 703 1748 Actor.
717 1688 761 1768 8.)
773 1690 803 1748 in
813 1689 937 1748 formam
947 1689 1040 1749 erucis
1052 1689 1136 1747 laeto.

130 1797 145 1826 ιι
168 1771 347 1846 Quaemnia
359 1778 430 1829 sunt
444 1768 481 1829 dc
492 1773 661 1832 necessitate
682 1773 853 1832 sacramenti
870 1816 879 1845 ,
894 1780 929 1832 ut
946 1771 1035 1834 habet
1057 1786 1138 1832 eom·

131 1874 147 1910 u
174 1872 311 1915 munis.»

168 1937 307 1999 liieeadit
320 1954 405 2017 agere
421 1937 458 1999 de
468 1936 519 1999 illa
535 1954 639 2017 magna
652 1982 661 2009 ,
673 1954 705 1998 ee
720 1948 779 1999 tam
790 1936 947 2016 disceptata
957 1939 1134 2014 quaestione,

130 2039 186 2103 pro
200 2038 257 2100 qua
268 2033 401 2084 auctores
410 2025 509 2101 plures
524 2022 931 2100 librosintegrasediderunt,
946 2036 1052 2098 nempe
1061 2034 1138 2097 quse-

130 2120 201 2166 nam
209 2106 249 2165 sit
263 2108 383 2167 materia
396 2107 562 2184 adaequata,
575 2115 605 2164 ct
617 2123 751 2183 quaenam
763 2106 858 2164 sermo
874 2105 1048 2162 sacramenti
1067 2116 1137 2163 cen·

127 2188 325 2251 firmationis?
335 2189 388 2251 itio
401 2190 467 2252 idcb
484 2188 642 2271 aliquando
657 2186 769 2248 diutius
784 2185 857 2246 mihi
872 2186 1026 2246 immorari
1048 2200 1138 2263 opor·

127 2284 184 2335 tet.
199 2270 279 2335 Olim
289 2275 326 2338 de
339 2274 393 2337 hae
406 2278 567 2354 quaestione
583 2277 614 2334 in
627 2273 865 2332 antecedentibus
885 2262 1074 2329 editionibus
1086 2269 1137 2329 bu·

125 2360 176 2436 jus
187 2360 283 2438 operis
296 2359 359 2437 jam
374 2362 559 2439 pertractavi,
574 2359 625 2418 sed
639 2375 734 2434 nuper
744 2356 824 2417 volui
836 2370 900 2414 cam
915 2350 1019 2412 rursds
1032 2354 1068 2412 ad
1078 2361 1135 2413 tru-

127 2446 222 2505 tinam
236 2458 374 2504 revocare
382 2489 392 2520 ‚
408 2453 438 2504 ct
452 2444 558 2514 fatcor,
570 2442 651 2525 qued
663 2441 731 2502 edm
747 2459 801 2520 per
816 2439 985 2518 quindecim
998 2436 1059 2497 ieris
1073 2438 1135 2497 dies

126 2527 311 2589 desadassem
321 2526 497 2606 perlegenda
510 2544 655 2597 canones,
676 2535 706 2584 et
723 2527 900 2602 scriptores,
917 2520 1076 2598 nequibam
1086 2516 1136 2597 ju⁴

127 2612 239 2671 dicium
255 2611 353 2681 serre,
374 2612 446 2689 quid
458 2628 513 2688 pro
533 2619 612 2669 certo
631 2607 804 2669 tenendum.
823 2606 957 2683 Denique
977 2606 1023 2664 vis
1046 2610 1136 2664 ratio·

126 2708 221 2767 num,
283 2712 313 2754 as
339 2692 371 2754 in
388 2695 449 2754 fine
468 2693 637 2771 questionis
668 2692 828 2763 addacem,
847 2688 1005 2751 ornnem'a
1035 2699 1134 2750 mente

127 2792 194 2839 mea
214 2777 254 2838 du
277 2778 428 2838 itaticncm
445 2777 579 2853 sustulit,
601 2785 689 2854 atque
711 2776 749 2834 dc
774 2792 839 2834 mea
861 2774 1005 2834 sententie
1020 2781 1134 2833 eertum

124 2858 273 2938 judicium
293 2858 457 2923 efformavi.
474 2862 575 2921 Plures
586 2859 694 2921 adsunt
710 2858 748 2919 de
766 2858 819 2918 hae
843 2876 877 2918 rc
891 2857 1063 2928 sententies,
1083 2854 1135 2916 sed

126 2953 188 3006 tres
200 2945 421 3024 principaliores
433 2954 513 3005 sunt.

126 3050 129 3057 ¹
165 3026 275 3090 Prima
297 3027 442 3090 sententie
455 3037 534 3090 tenet
558 3030 713 3098 materiam
732 3027 914 3088 essentialem
936 3023 1026 3100 hujus
1042 3040 1135 3083 sacre·

125 3114 221 3175 menti
236 3128 299 3174 esse
308 3127 451 3174 manuum
465 3112 683 3192 impositionem
696 3112 776 3171 illam
786 3156 794 3182 ,
806 3128 870 3189 quae
883 3109 1047 3169 habeturin
1058 3110 1135 3166 Pon-

122 3196 227 3257 tilrcali
243 3212 366 3257 romano
377 3198 408 3257 in
424 3198 569 3276 principio
581 3196 667 3263 riuis,
689 3196 739 3255 abi
754 3195 912 3272 Episcopus
929 3200 1088 3267 antequam¹
1098 3190 1135 3250 acl

126 3277 294 3340 chrismatis
310 3281 482 3342 unctionem
497 3281 612 3341 accedat
622 3323 631 3353 ,
641 3277 774 3338 extendit
793 3290 898 3336 manus
916 3270 1018 3334 vcmds
1030 3270 1134 3333 confir·

129 3456 190 3568 Η(1)
200 3456 295 3569 “lgm
306 3456 351 3509 nce
361 3456 469 3508 Ecclesia
479 3462 594 3522 precepto
604 3465 681 3521 potest
688 3459 752 3520 Papa
762 3457 931 3520 dispensare.»
947 3455 1016 3502 item.
1035 3452 1083 3511 Ap.
1099 3457 1132 3500 tr.

160 3534 207 3571 ,ιι
251 3552 259 3572 ,

955 3634 1018 3681 itast
