2562 4166
179 214 237 301 lii
348 220 368 267 Ψ
393 224 458 299 lid.
471 235 557 298 Mc
572 236 722 320 preceptis
739 231 981 320 porticulorrhus.
1025 228 1029 239 “

176 336 312 416 prerepti
330 334 472 398 recitandi
492 337 673 400 officiumer
686 340 727 400 D.
749 337 851 401 rtem.
865 339 895 400 2.
912 338 943 400 Ξ.
954 355 985 419 q.
996 337 1117 402 83.ert.
1128 341 1178 404 ih.

174 412 216 480 o'd
230 422 259 482 ὅ.
275 421 325 481 ubi
337 419 420 482 docet
433 421 596 503 :Eoopotio
605 422 727 499 mentis,
742 436 808 502 que
817 420 969 503 fitpruter
978 422 1177 504 propositum,

173 494 307 584 frontum
319 522 380 566 nort
393 500 478 565 tollit.
487 506 548 568 lloc
561 504 828 566 conceduntodhuc
838 508 969 581 auctores
984 506 1088 581 primoe
1109 527 1179 568 sen-

173 588 273 648 tentiae
284 632 294 663 ‚
306 582 355 648 sed
371 588 473 648 dicunt
488 584 566 666 qudd
583 588 633 649 ille
652 591 704 667 qui
725 597 829 669 sponte
841 606 872 649 se
891 587 1028 649 distrahit
1039 633 1048 657 ‚
1059 600 1179 653 acturo·

172 672 396 752 voeatprimam
411 673 623 743 attentionem,
643 670 752 741 etided
770 689 831 732 nun
843 672 999 745 satisfacit,
1020 670 1089 734 edm
1113 694 1179 737 um·
1222 700 1226 706 ·

172 753 250 835 plids
261 774 321 818 non
342 766 425 833 oret3
439 754 490 836 qui
503 754 573 818 verd
591 756 788 819 involuntarie
798 756 988 830 distrahitur,
1001 766 1102 819 manet
1114 762 1178 820 vir·

173 841 292 902 tueliter
309 850 460 914 attentus,
477 850 507 901 et
525 851 677 921 propterea
692 848 776 910 orat,
791 846 820 900 et
834 840 983 901 satisfacit.
1006 843 1066 918 Ego
1077 852 1178 905 tamen

173 925 265 985 fateor
278 924 507 987 imbecillitatem
524 942 640 997 meam,
665 942 826 1003 numquam
842 924 969 1001 potuisse
988 924 1176 1004 intelligere,

124 1070 129 1077 ,
173 1007 321 1085 quomodo
335 1002 557 1086 possitottenlio
574 1006 739 1068 virtualiter
753 1022 925 1086 permonere
942 1008 973 1068 in
992 1014 1028 1067 'eo
1053 1009 1103 1087 qui
1119 1008 1177 1067 dis

174 1090 324 1164 trahitur,
342 1090 410 1152 licet
429 1086 648 1152 involuntarie?
671 1089 749 1151 Bene
776 1090 896 1168 quidem
923 1091 1077 1170 intelligo,
1094 1090 1175 1170 qrrdd

174 1174 317 1249 intentio,
337 1173 405 1236 edm
424 1176 572 1254 pertineat
589 1174 626 1234 ud
645 1176 845 1246 voluntatem,
871 1172 990 1253 quando
1012 1176 1103 1234 semel
1132 1181 1179 1235 ost

173 1254 287 1339 habita,
305 1265 334 1318 at
357 1275 417 1318 non
435 1265 621 1329 retractatur,
636 1258 801 1318 virtualiter
822 1258 1035 1334 perseveratio
1051 1258 1177 1330 ellectu,

172 1356 224 1401 seu
247 1342 278 1402 in
291 1341 396 1402 mediis
420 1340 560 1419 susceptis
576 1385 585 1412 ‚
600 1342 669 1419 quia
682 1339 744 1402 huuc
760 1339 856 1401 medio
880 1356 916 1401 ex
937 1341 988 1401 illu
1012 1342 1181 1402 intentione¹

174 1425 336 1504 procedunt
351 1446 358 1484 ε
371 1442 432 1485 non
459 1425 592 1504 intelligo
619 1436 734 1499 autern,
752 1424 900 1504 quomodo
925 1429 1020 1504 potest
1037 1428 1095 1486 diui
1116 1427 1179 1485 v'ir·

174 1508 562 1568 tualitcrattcutusoretioai
576 1553 584 1579 ‚
600 1508 652 1587 qui
664 1519 793 1570 montem
808 1509 876 1570 alibi
889 1508 977 1569 hahet
990 1514 1175 1588 occupatam:

173 1589 252 1651 reete
267 1590 392 1662 dicetur,
414 1589 493 1668 qudd
506 1576 556 1652 hic
575 1590 777 1653 involuntarie
793 1591 946 1652 distractus
960 1601 1025 1669 post
1037 1592 1182 1653 intentio·

174 1670 376 1733 nomhebitum
386 1672 555 1734 attendendi
567 1719 575 1745 ‚
592 1683 621 1734 ot
633 1690 692 1735 uun
707 1682 891 1735 retractatum
902 1674 992 1750 ,uelit
1004 1675 1156 1735 attendere
1169 1697 1179 1752 3

173 1755 223 1816 sed
240 1756 418 1836 nonpoterit
434 1752 492 1817 dici
509 1802 517 1828 ,
537 1755 621 1837 qudd
635 1756 777 1830 attendat,
791 1757 908 1836 quando
918 1757 987 1818 olibi
999 1767 1043 1818 ost
1055 1758 1180 1823 omuind

174 1840 327 1919 erogatum
359 1841 434 1902 sieut
459 1840 541 1902 enim
565 1850 708 1920 repugnat
729 1841 787 1901 dici
808 1843 973 1902 virtualiter
990 1840 1184 1922 iutelligere‚'

173 1925 253 2003 quod
274 1924 366 2002 legit,
385 1924 516 2002 eumqui
536 1934 601 1985 ectu
616 1942 675 1984 non
698 1924 854 2002 inteiligit,
877 1923 944 1985 licet
966 1923 1115 1988 habuisset
1130 1929 1189 1989 in:
1279 1978 1280 2005 3

173 2008 335 2068 tentionem
349 2007 531 2083 intelligendi
544 2028 554 2084 ς
566 2009 606 2068 ito
619 2017 762 2088 repugnat
772 2008 829 2068 diei
838 2007 1177 2084 virtualiterutteridere,

173 2092 224 2171 qui
244 2101 309 2152 aetu
323 2109 384 2153 non
400 2092 536 2152 attendit.
550 2090 633 2152 Unde
646 2091 722 2173 hene
732 2091 879 2152 concludit
891 2092 973 2173 Lupo
984 2109 1016 2150 n.
1032 2094 1082 2154 59.
1097 2090 1177 2174 qaue

172 2175 196 2235 si
209 2172 247 2235 od
267 2175 429 2235 orationem
452 2176 652 2252 requireretur
673 2176 797 2235 attentio
824 2175 960 2246 interna,
987 2176 1012 2234 is
1035 2178 1179 2254 quiesset

173 2250 531 2319 iureluntariedistrsctus
548 2276 611 2317 non
622 2255 764 2328 effectivi,
774 2256 824 2318 sod
839 2254 955 2320 tautitm
968 2257 1101 2320 uiicetivd
1115 2274 1179 2319 oru-
1278 2298 1279 2335 3

172 2348 229 2423 ret.
246 2342 279 2400 ln
295 2339 408 2401 tuntirm
420 2342 511 2419 igitur
522 2338 594 2400 dicit
605 2338 684 2399 hunc
699 2338 768 2401 vere
785 2354 892 2413 orere,
916 2341 949 2400 in
970 2340 1114 2418 qrrantrim
1129 2344 1179 2401 iu·

172 2423 335 2485 tentionem
349 2426 493 2483 internam
512 2423 594 2504 priuis
613 2421 743 2487 habitam
760 2424 865 2486 maadi
880 2422 1032 2503 conjungit
1047 2442 1115 2485 cum
1126 2436 1179 2485 ox*

174 2517 256 2570 terno
272 2511 442 2570 attentione.
767 2534 770 2540 ·
1156 2504 1175 2577 ᾗ

211 2592 333 2652 Ratiod.
349 2595 418 2668 quia
434 2592 565 2654 socordes
575 2592 726 2655 conserens
743 2592 909 2656 Extremum
928 2592 1101 2658 ilnetioncm
1114 2595 1178 2672 (eu-

173 2673 219 2754 ius
229 2675 321 2735 forme
334 2684 378 2736 est
390 2675 599 2755 deprecatoria)
613 2694 681 2739 cum
699 2678 862 2740 intentione
877 2678 1001 2741 sedendi
1021 2679 1177 2757 quodiaeit
1277 2692 1279 2763 t

172 2758 307 2834 Ecclesia,
324 2759 378 2818 etsi
402 2768 620 2821 tetamentum
648 2760 794 2836 divertet,
825 2760 922 2825 valide
943 2762 1081 2840 eoniert3
1106 2754 1176 2841 ergd

171 2843 235 2903 sine
251 2844 411 2904 attentione
426 2838 540 2904 interna
551 2843 625 2906 hene
644 2848 722 2907 stare
738 2855 833 2925 potest
855 2847 1017 2909 oratio-hd
1029 2845 1105 2917 hane
1119 2847 1177 2907 dil·
1276 2896 1277 2899 ,

172 2926 487 3004 ficilemohjeetioneru
506 2928 621 2990 diverse
640 2931 818 3011 respondent
829 2932 966 2993 'lautores
984 2930 1091 3010 prime
1108 2948 1176 2991 sen·
1276 2952 1277 2971 ¹

172 3011 281 3074 tentiae.
299 3011 358 3071 dlii
373 3004 452 3092 opud
471 3006 635 3073 *Continuus
660 3010 780 3090 dieunt,
800 3013 881 3093 quod
910 3032 945 3076 eo
962 3032 1029 3075 casu
1049 3013 1178 3075 invalide

173 3103 386 3158 sacramentum
398 3087 579 3158 conterretur
587 3096 673 3176 ‚quio
690 3107 761 3159 tunc
772 3096 910 3161 'sacerdos
927 3096 1042 3159 nullam
1054 3095 1177 3160 heberet
1275 3176 1276 3181 ἵ

173 3182 387 3253 intentionem,
403 3183 676 3258 neeattentionem;
697 3181 764 3244 edm
781 3185 861 3244 enim
881 3180 948 3263 quis
968 3182 1026 3244 olid
1046 3182 1177 3245 mentem
1275 3208 1276 3213 ¹

172 3263 323 3336 distrahit,
349 3271 504 3344 utramque
525 3270 590 3326 retu
613 3274 729 3327 tractat.
749 3264 806 3326 Sed
830 3267 892 3329 haee
912 3266 1064 3348 responsio
1087 3268 1177 3328 nimis
1275 3266 1276 3275 ’

171 3349 275 3411 debilis
291 3349 420 3421 videtur,
431 3352 498 3429 quia
510 3350 546 3411 od
561 3351 705 3412 rationem
715 3353 909 3414 universatem
925 3352 1178 3415 sacramentorum

172 3433 300 3509 exigitur
312 3433 371 3492 sole
385 3435 509 3511 prolatio
524 3432 626 3495 formae
645 3451 733 3513 super
746 3435 875 3499 debitum
895 3436 1049 3499 materiem
1074 3433 1092 3494 d
1120 3434 1178 3497 mi·
1274 3486 1275 3493 ,

174 3512 267 3572 nistro
283 3511 409 3575 habente
428 3520 619 3594 potestatem,
634 3534 702 3579 curu
719 3519 882 3580 intentione
896 3516 1022 3581 ioeiendi
1036 3517 1118 3596 quod
1139 3518 1179 3577 tu·

174 3590 370 3667 eitherium,
386 3594 470 3673 iuxta
486 3596 564 3658 ittud·
578 3599 692 3662 celebre
703 3598 816 3663 dietum
827 3602 868 3665 D.
885 3601 1010 3683 depost.
1027 3608 1067 3661 tr.
1082 3600 1122 3661 80
1143 3594 1179 3658 iio
