2620 4176
285 239 359 318 Cop.
370 237 401 297 1.
418 238 591 299 Donatum
607 219 812 299 torreantur.
827 238 880 321 leq.
897 240 977 302 Dub.
991 245 1020 302 2.
1099 244 1157 305 rra

143 363 162 394 ιι
185 334 300 398 babent
317 351 509 396 communem
531 331 638 405 usum,
663 344 693 396 et
717 355 825 398 nomen
847 356 930 415 aqum
951 342 1154 414 elementaris,

141 445 160 476 ιι
183 431 249 485 esto
265 416 388 498 physice
401 420 497 497 speeie
515 437 576 481 non
591 419 767 499 discrepent.
784 419 856 482 Vide
865 421 948 502 infru
957 421 992 501 aie
1000 421 1154 505 boptIam-o.

183 532 198 561 ι
223 507 254 567 2.
267 505 353 565 Valet
373 512 608 574 sacramentum,
626 504 680 562 etsi
705 522 780 582 aqua
798 505 960 583 baptissimi
982 507 1020 575 sit
1041 509 1154 581 aalide,

136 614 155 645 ιι
179 597 240 652 ete.
252 591 328 651 Item
339 587 364 647 si
379 587 463 664 ponis
474 584 681 648 eucharistiam
700 588 738 647 sit
751 595 833 660 ater,
850 589 1039 650 fermentatus
1053 635 1061 661 ,
1074 602 1132 652 ete.

184 699 199 730 ιι
219 676 251 735 5.
263 674 385 734 Deieotu
399 672 503 732 iormae
520 680 734 731 sacramentum
754 673 797 732 ost
808 674 945 749 nullpm:
964 675 985 734 l.
1005 676 1034 734 Si
1048 677 1154 738 litterar

136 785 155 815 ιι
179 759 288 837 aliquae
302 763 478 827 mutentur,
494 755 640 832 variantes
655 772 792 826 sensum,
811 756 889 835 quod
906 757 989 818 ioeile
1001 759 1035 819 iit
1051 761 1082 819 in
1095 762 1154 821 ini-

137 869 155 900 ιι
179 843 318 917 tiaiibus,
341 856 416 919 ug.
433 841 465 898 in
480 841 601 900 nomine
621 841 844 912 matris,filiae',
861 849 915 902 ete.
937 844 977 902 il.
999 844 1028 906 Si
1048 863 1152 923 magna
1197 902 1207 917 ,

137 954 155 983 ιι
179 926 235 988 liat
252 925 432 1004 interruptio
448 924 608 983 verborum
621 966 629 993 ‚
644 924 684 982 ita
704 932 738 983 ut
750 927 903 986 moraliter
916 945 976 987 non
996 928 1153 990 videantur
1193 920 1206 939 ”

133 1038 152 1070 ιι
176 1011 338 1074 eobaerire.
363 1010 461 1070 111.ὃὶ
480 1009 575 1068 forma
593 1010 710 1068 divisim
733 1012 966 1088 pronuntietur,
983 1031 1013 1072 v.
1026 1032 1056 1092 g.
1075 1032 1151 1076 unus

131 1124 149 1152 ιι
174 1097 276 1173 dieat,
295 1095 361 1174 Epo
385 1090 655 1172 temperuntur
674 1091 840 1155 ittuouu'ue
862 1095 983 1170 Patris,
1008 1105 1060 1158 ete.
1081 1100 1150 1176 quia

133 1209 151 1238 ιι
175 1189 269 1243 erunt
280 1179 347 1240 duae
358 1179 461 1238 formae
479 1178 668 1255 imperfectae,
685 1180 715 1237 et
726 1196 828 1237 sensus
842 1179 941 1239 salsus.
959 1178 1028 1240 Fili.
1045 1189 1066 1241 t.
1080 1186 1109 1242 1.
1121 1202 1147 1243 o.

132 1295 150 1324 ιι
175 1271 209 1328 l.
223 1285 254 1346 q.
272 1266 302 1326 li.
317 1261 390 1326 Vide
402 1264 481 1321 Bou.
491 1277 521 1338 q.
536 1263 566 1321 Ε).
576 1279 610 1342 p.
626 1264 681 1319 l.o
700 1261 791 1339 (Noto
801 1260 856 1322 lato
866 1281 953 1345 prop.
964 1267 1014 1325 27.
1029 1265 1149 1327 domae

130 1362 198 1414 tum
213 1349 252 1412 ab
271 1343 417 1409 Alexand.
433 1346 521 1406 VIII.
535 1346 635 1404 Voluit
652 1346 810 1424 aliquando
827 1346 1007 1425 baptismus,
1024 1350 1079 1410 sub
1094 1351 1149 1412 bau

128 1436 232 1497 forma
247 1433 380 1494 collatus.
393 1430 427 1489 ln
441 1429 561 1488 nornine
574 1429 667 1488 Patris
681 1471 689 1502 ,
710 1438 766 1488 ete.
779 1430 981 1507 pretermissis
993 1432 1051 1493 illis
1062 1454 1070 1493 r
1083 1437 1146 1516 Ego

131 1528 164 1582 te
177 1518 334 1599 baptizo).

174 1628 192 1658 ι
213 1606 244 1663 t.
256 1599 471 1671 Formavalet,
485 1600 538 1660 eui
554 1617 614 1661 non
635 1601 775 1662 liceat21.
793 1601 823 1663 Si
843 1604 961 1665 omittas
979 1622 1062 1667 voees
1083 1626 1143 1670 non

129 1715 145 1744 ιι
171 1687 361 1757 essentiales,
378 1682 451 1762 ug,
466 1702 537 1765 epo,
552 1693 579 1745 et
592 1704 677 1745 alneu
687 1689 721 1761 in
734 1687 878 1767 baptismo
892 1709 900 1748 r
919 1688 1037 1750 enimin
1049 1692 1144 1753 forma

125 1798 143 1828 ι
170 1769 376 1834 Eucharistiae.
394 1771 472 1829 Bou.
488 1766 519 1829 d.
534 1772 563 1829 l.
578 1788 609 1851 q.
627 1773 659 1830 5.
675 1791 708 1851 p.
729 1775 758 1831 1.
778 1790 810 1831 u.
825 1776 855 1831 ii.
869 1781 898 1832 et
911 1776 959 1833 10.
973 1777 1141 1847 euSuorez,

127 1883 143 1912 ι
170 1864 228 1917 eto.
242 1856 282 1915 ll.
299 1854 330 1912 Si
349 1852 421 1929 quid
434 1852 540 1924 addas,
561 1872 591 1912 v.
602 1873 632 1932 g.
644 1857 677 1914 in
696 1855 816 1914 nomine
828 1856 941 1928 Patris,
955 1860 1008 1935 qui
1028 1867 1053 1917 te
1069 1877 1145 1919 ereo·

124 1968 141 1996 ιι
168 1939 235 2016 uit,
252 1945 303 2000 ete.
323 1940 380 1996 lll.
406 1938 437 1996 Si
461 1937 620 1997 substituas
644 1955 807 2016 synonyma
823 1958 833 2010 ς
849 1955 878 1995 ν.
905 1940 935 2015 g.
963 1938 1067 2011 abluo,
1089 1961 1143 2020 pro

127 2051 142 2079 ι
168 2024 313 2101 baptizor
331 2021 435 2100 (Itos.
454 2018 510 2080 Tb.
534 2023 563 2080 5.
576 2039 610 2102 p.
626 2038 656 2100 q.
678 2022 726 2080 60.
741 2028 800 2079 ort.
816 2019 868 2096 8.).
888 2046 900 2072 a
921 2022 972 2081 lV.
984 2023 1013 2081 si
1029 2024 1143 2084 tantiam

126 2135 142 2164 ιι
169 2117 364 2185 transponas,
387 2113 440 2176 ut,
455 2106 518 2166 IIoo
538 2123 636 2164 meum
648 2112 691 2164 est
703 2120 808 2185 eorpus
817 2127 830 2179 ,-
844 2107 884 2164 Te
897 2122 948 2182 epo
966 2103 1092 2182 baptiso.
1104 2109 1141 2166 V.

128 2219 143 2249 ι
170 2193 207 2253 si
220 2191 309 2250 verba
322 2207 492 2268 corrumpas
510 2188 549 2249 ob
562 2189 823 2266 prmeipitantiam,
837 2196 867 2247 et
878 2188 1039 2247 balbutiem
1051 2207 1101 2247 :·v.
1111 2207 1140 2266 g.

126 2302 142 2330 ι
170 2278 238 2339 IIoe
250 2280 292 2337 est
309 2269 408 2353 colpus
429 2288 531 2349 uleus,
556 2274 603 2332 vel
626 2270 674 2332 laio
689 2280 733 2332 est
747 2269 826 2330 euim
850 2268 923 2331 colia
934 2286 1025 2329 suerio.
1041 2272 1092 2332 Vl.
1110 2273 1141 2331 si

125 2386 140 2415 ι
167 2356 350 2434 interruptio
364 2356 415 2416 liat
434 2374 522 2434 parva
536 2400 544 2426 ‚
560 2372 590 2413 v.
603 2349 635 2432 g.
649 2357 714 2435 Epo
728 2363 753 2414 te
765 2354 881 2434 baptizo
891 2362 938 2425 ‚et
953 2355 1139 2432 interponat,

125 2468 141 2498 ιι
165 2443 230 2505 isto
244 2457 324 2520 apuu
341 2447 384 2500 est
397 2438 488 2500 ulmis
503 2437 527 2518 fr
541 2439 548 2451 '
566 2438 637 2516 irio,
651 2441 699 2497 vel
711 2445 806 2499 caestor
819 2447 896 2498 uerte
906 2434 1024 2518 folium.
1036 2440 1075 2498 Iu
1088 2457 1140 2499 uo·

125 2553 140 2581 ι
166 2523 382 2596 minePotrt's,
396 2530 449 2584 etc.
461 2520 530 2583 Fiil.
555 2519 602 2582 Lo.
622 2521 694 2586 Viae
713 2524 791 2582 Bou.
812 2518 834 2581 t.
854 2541 879 2582 e.
898 2546 912 2575 a
929 2520 1027 2602 (Idem
1040 2522 1140 2584 docent

107 2612 216 2691 'Lupo
227 2606 259 2668 al.
274 2609 304 2668 2.
318 2625 352 2667 a.
370 2609 437 2667 111.
452 2609 544 2667 lione.
564 2625 589 2666 e.
605 2609 636 2666 5.
648 2625 677 2688 q.
692 2608 722 2665 i.
743 2622 772 2663 r.
783 2607 813 2665 1.
830 2625 897 2667 eum
910 2604 1016 2666 'Pamin
1038 2610 1139 2669 Tussis

123 2701 230 2756 autem
254 2693 331 2752 iuter
347 2688 476 2770 syllabus
498 2688 652 2753 uerborum
671 2689 802 2770 formum
829 2688 993 2768 inualidot,
1016 2691 1078 2752 uisi
1098 2694 1139 2753 sit

125 2783 346 2841 momentonea.
369 2776 460 2834 Reno.
471 2772 543 2834 iliu.
557 2793 623 2834 eum
640 2774 858 2848 TambLeoud.
875 2775 957 2857 opud
971 2777 1058 2836 Croiu
1068 2774 1090 2836 t.
1105 2781 1135 2836 o.

121 2880 158 2943 p.
175 2862 208 2918 1.
223 2877 256 2918 u.
269 2859 319 2918 55.
334 2855 434 2918 Truet's
448 2858 521 2919 verti.
530 2853 618 2938 leupo
631 2857 716 2939 (putri
726 2876 781 2939 per
794 2858 1135 2940 alodiumquadruuteru)

122 2944 209 3006 inter
220 2940 326 3012 outo,
355 2942 428 3001 rorte
441 2938 588 3002 inualidot
597 2942 736 3024 foranum.
754 2945 843 3005 croire
855 2944 895 3006 ib.
914 2963 980 3003 cuur
997 2942 1096 3003 Turub.
1109 2950 1137 2999 et

121 3031 216 3108 spor.
234 3027 377 3101 Quonam
388 3031 488 3085 autem
499 3025 532 3085 iu
549 3023 734 3107 sinpuiorum
748 3033 997 3087 sacramentorum
1009 3023 1135 3084 moterlo

121 3120 153 3173 et
183 3108 283 3189 [ormo
298 3109 423 3168 mutatio
448 3106 489 3168 sit
509 3107 733 3181 substantiolis,
757 3117 812 3170 out
838 3104 1040 3179 accidentalis,
1069 3106 1135 3167 viiie

121 3191 229 3274 insert,
242 3190 294 3253 ubi
306 3190 341 3252 de
360 3189 410 3252 lais·
418 3189 592 3272 siupulotim
603 3191 746 3273 meatus.)

165 3278 266 3336 12-
277 3274 426 3349 Quaeritur
438 3293 476 3347 nn
489 3278 637 3345 materiae,
655 3285 685 3334 et
702 3276 803 3334 formae
817 3276 950 3334 omnium
969 3293 1132 3337 sacramen-

120 3369 228 3423 torum
244 3359 355 3418 luerint
366 3356 383 3417 l
396 3356 511 3420 Christo
525 3361 651 3418 Domino
665 3359 696 3416 in
717 3358 812 3434 speeie
831 3358 1050 3418 determinatae?
1062 3361 1132 3419 Cer·

121 3453 192 3506 tum
212 3449 258 3501 est
278 3440 429 3500 Christum
440 3441 471 3501 in
496 3443 592 3520 speeie
608 3441 816 3509 determinasse
830 3441 1003 3518 materiam,
1019 3451 1049 3504 et
1071 3445 1131 3503 sor·

97 3527 102 3533 '
122 3543 207 3588 anam
226 3523 387 3602 baptismi,
406 3533 437 3586 et
450 3526 649 3588 Eucharistiae.
663 3524 793 3585 Dubium
810 3527 904 3607 igitur,
925 3529 1014 3587 vertit
1034 3528 1129 3608 quoad

121 3610 183 3671 alia
203 3618 417 3669 sacramenta·
984 3629 986 3632 ⁴

170 3695 252 3751 Your.
273 3693 313 3752 V.
383 3704 386 3709 ’
938 3697 977 3757 20
1050 3720 1095 3733 ·-
