2620 4176
145 189 204 253 228
299 186 364 251 iil.
379 189 408 248 ti.
429 192 526 249 Troct.
538 190 567 248 t.
582 188 626 255 De
636 185 827 247 sacramentis
838 187 872 247 in
883 200 998 266 penore.

143 290 211 348 talis
235 286 371 348 distantia
395 305 456 348 non
478 293 558 351 tanta
583 286 672 347 dohet
695 302 777 360 esse,
796 292 905 364 quanla
926 285 965 347 iit,
985 285 1017 347 in
1039 283 1156 362 judicio

143 373 263 434 sorensi.
278 372 357 431 Dicit
368 379 466 432 autem
483 370 571 433 Graiu
582 368 605 431 l.
619 373 650 432 t.
662 389 696 430 u.
706 372 737 431 8.
750 388 817 430 cum
835 369 1034 448 Tomosquud
1055 369 1156 431 validi

144 456 305 517 absolvitur
322 455 466 533 poenitens
479 462 546 532 post
561 453 666 516 horam
683 451 900 534 dmuiessioue.
915 455 950 512 ln
961 453 1155 517 matrimonio

143 539 264 600 undem
277 537 384 598 sufficit
400 556 433 601 ea
454 538 613 611 distantia,
628 556 695 616 quaa
711 534 977 598 ordinariesufficit
989 538 1021 598 in
1037 546 1158 599 contra·

108 692 113 701 ,
144 624 256 693 atibus,
270 622 321 681 ulti
332 622 401 681 satis
414 630 477 691 cst,
493 630 528 681 ut
541 620 796 685 consensusunius
808 627 952 697 ponatur,
968 619 1153 688 ddm'udlruc
1200 694 1204 700 ¹

144 704 431 783 consensus-alterius
443 705 594 769 moraliter
612 708 788 783 perseverat.
802 703 869 763 llaec
880 703 976 780 quoad
990 720 1156 765 samamen·

144 799 209 850 tum
233 789 433 867 poenilentiae,
455 796 486 848 et
506 789 688 849 matrimonii
713 787 832 851 videtur
853 796 968 863 accepta
987 805 1051 848 esse
1071 788 1153 867 apud

144 889 257 932 omnes.
267 871 369 947 Quoad
384 874 442 933 alia
466 872 538 934 vero
551 878 730 933 sacramenta
751 869 879 937 meranda
898 872 1066 942 sententia,
1083 890 1154 950 apc-
1181 893 1183 897 ·

144 959 220 1018 atati
243 957 373 1028 ratione,
392 958 511 1017 videtur
531 958 683 1020 moraliter
708 957 809 1029 certa,
831 953 882 1014 sed
900 955 932 1015 in
950 955 1035 1033 praxi
1053 958 1152 1033 prima

144 1051 178 1101 ut
191 1041 284 1101 tutior
299 1042 475 1107 consulenda
486 1050 541 1101 est.
554 1042 630 1101 llinc
647 1039 754 1100 marito
773 1039 916 1120 aittupo
928 1034 950 1099 l.
964 1057 988 1099 c.
1002 1058 1034 1098 n.
1051 1042 1082 1101 5.
1092 1041 1153 1101 mi·

144 1124 225 1189 nime
236 1141 355 1204 peccare
367 1126 567 1197 sacerdotem,
583 1124 635 1203 qui
645 1125 682 1184 ad
695 1122 838 1199 majorem
850 1124 897 1184 sui
909 1124 1002 1185 animi
1014 1123 1151 1202 quietum

144 1207 254 1272 iterdm
265 1225 298 1270 se
308 1209 416 1273 iaceret
431 1209 569 1273 ordinare
582 1209 638 1270 sub
654 1206 835 1269 conditione.

534 1356 615 1423 Uttde
623 1352 760 1422 meelate:

196 1516 246 1577 lt).
269 1549 309 1564 -
334 1539 347 1570 ι
368 1517 397 1577 l.
420 1515 455 1575 ln
476 1511 645 1591 baptismo,
667 1508 911 1586 confirmatione,
935 1511 1098 1586 unctione,
1119 1522 1150 1573 et

144 1621 159 1650 ιι
181 1599 286 1669 ordine
308 1600 472 1678 requiritur
491 1597 557 1656 talis
570 1593 757 1670 conjunctio,
775 1604 809 1655 ut
825 1595 899 1655 diam
913 1597 1047 1657 minister
1059 1597 1150 1658 verbu

143 1704 158 1734 ιι
182 1683 375 1759 pronuntiat,
392 1681 544 1741 moraliter
556 1686 709 1739 censeatur
720 1679 809 1737 etiam
822 1679 920 1738 lavaro
933 1723 941 1749 ,
955 1689 1011 1738 etc.
1173 1744 1177 1751 ,

186 1790 200 1819 ι
220 1767 250 1826 9.
266 1767 301 1825 ln
317 1765 490 1844 poenitentia
503 1762 648 1822 absolutio
660 1762 730 1822 satis
746 1762 911 1840 diupotesl
926 1759 1039 1823 differri
1053 1765 1151 1835 ,sicut

143 1874 157 1902 ιι
182 1851 213 1910 in
224 1848 345 1928 judiciis
360 1849 504 1910 sententia
527 1854 593 1925 post
610 1864 733 1906 examen
746 1864 850 1907 causae,
865 1869 878 1898 ι
894 1845 981 1925 (Vide
994 1845 1066 1908 dict.
1079 1867 1150 1910 moa

141 1950 224 1992 uum.
236 1933 281 2010 9.)
638 1970 641 1975 1
854 1970 856 1974 -
952 1996 955 2003 Δ

186 2041 199 2071 ιι
219 2019 249 2077 5.
263 2021 298 2078 ln
312 2016 503 2078 matrimonio
519 2016 607 2075 unius
621 2029 776 2076 consensus
786 2020 882 2092 potest
894 2013 1014 2073 alterius
1026 2032 1152 2075 consen·

142 2124 157 2152 ιι
179 2118 247 2161 sum
262 2100 366 2162 tandiir
386 2102 469 2179 sequi
482 2143 491 2171 ,
505 2097 634 2179 quandiiu
655 2098 704 2159 hic
723 2099 876 2159 moraliter
894 2098 1067 2176 permanere
1079 2118 1151 2159 cen-

143 2207 157 2236 ι
180 2192 261 2245 satur
275 2205 283 2243 c
297 2185 372 2244 sicut
389 2185 420 2244 in
434 2184 500 2244 aliis
512 2183 718 2243 contractibus.
734 2180 806 2244 Vide
823 2183 895 2242 Con.
912 2180 959 2243 tta
972 2190 1032 2240 ort.
1043 2184 1075 2242 6.

180 2269 230 2327 ll.
240 2299 279 2311 ·-
292 2294 305 2322 ιι
317 2271 404 2346 Resp.
424 2269 455 2328 2.
472 2268 511 2326 Ut
530 2268 626 2325 valeat
644 2273 879 2336 sacramentum,
895 2284 955 2326 non
970 2265 1058 2325 debet
1080 2265 1151 2329 lieri

142 2375 156 2405 ιι
180 2352 377 2413 substantialis
387 2397 397 2428 ‚
416 2371 467 2413 seu
485 2351 645 2411 essentialis
658 2351 781 2411 mutatio
799 2349 1007 2422 maurisi‚.vel
1024 2351 1150 2428 formae3

142 2459 156 2488 ιι
180 2438 365 2497 accidentalis
381 2436 452 2497 vend
466 2438 590 2495 mutatio
601 2477 610 2507 ,
623 2435 677 2493 etsi
690 2431 767 2511 saepe
783 2432 883 2513 illicita
902 2434 957 2505 sit,
975 2444 1148 2505 nontamen

142 2543 155 2575 ι
179 2520 342 2581 invalidum
360 2520 430 2581 iacit
456 2527 681 2596 sacramentum.
695 2515 788 2577 Porro
811 2518 1008 2577 substantialis
1021 2520 1148 2582 mutatio

143 2626 156 2659 ι
180 2605 311 2662 materiae
332 2604 458 2675 dicitur,
480 2603 598 2681 quando
617 2599 776 2661 secundirm
787 2619 974 2662 communem
982 2619 1068 2660 usum
1080 2608 1092 2675 ',
1115 2614 1149 2664 ct

141 2708 154 2737 ι
178 2685 399 2745 aestimationem
410 2684 578 2755 hominum,
595 2685 694 2744 differt
705 2685 826 2744 nomine
839 2728 847 2756 ,
858 2693 887 2745 et
898 2703 930 2744 re
940 2686 976 2746 ab
989 2703 1022 2745 ca
1034 2728 1042 2757 ,
1055 2702 1147 2762 quam

140 2793 154 2823 ιι
177 2766 309 2827 Christus
326 2769 514 2846 praescripsit.
530 2768 725 2828 Accidcutalis
743 2768 870 2841 dicitur,
888 2769 1005 2847 quando
1020 2786 1087 2827 eum
1109 2787 1147 2831 ea

141 2876 155 2905 ιι
176 2850 313 2910 eumdem
329 2852 437 2911 retinet
448 2870 535 2910 usum
549 2862 579 2911 et
595 2867 714 2911 nomen.
736 2852 851 2911 Formae
864 2853 988 2912 mutatio
1004 2852 1148 2911 essentia-

141 2960 154 2989 ιι
178 2936 214 2994 lis
224 2944 269 2995 est
279 2978 288 3007 ,
300 2935 417 3013 quando
430 2953 490 2993 non
501 2944 600 2995 manet
611 2936 690 2995 idem
701 2953 803 2995 sensus
816 2955 825 2993 c
839 2934 1043 3010 accidentalis,
1054 2953 1146 3016 quan·

140 3045 154 3075 ιι
179 3021 218 3083 do
229 3030 339 3083 manet.
352 3022 457 3100 leym.
472 3018 495 3081 l.
508 3023 537 3081 t.
554 3030 592 3080 tr.
608 3023 638 3080 l.
652 3040 678 3081 c.
689 3024 720 3082 d.
734 3039 880 3082 acconam.
1024 3026 1027 3042 '

526 3151 755 3217 diruerentur.-

183 3337 198 3366 ιι
216 3317 376 3379 turnum
384 3324 427 3378 eat
439 3322 651 3376 sacramentum
663 3313 869 3388 Eucharistiae,
883 3318 908 3376 si
916 3317 1039 3378 materia
1052 3317 1154 3379 cruda:

139 3421 154 3449 ιι
178 3408 382 3471 consecretur,
402 3401 463 3460 sive
477 3398 539 3459 haec
554 3399 672 3458 differat
694 3400 788 3476 specie
812 3400 1025 3460 substantialia
1044 3418 1142 3478 pane,

138 3500 152 3528 ι
183 3480 244 3537 sive
257 3499 334 3552 non,
345 3483 413 3558 quia
423 3483 619 3552 communiter
630 3500 691 3541 uon
699 3494 851 3555 cernamur,
864 3494 914 3543 aut
924 3484 1033 3544 dicitur
1046 3480 1153 3562 punis(

106 3576 111 3601 ι,
141 3580 155 3605 ιι
179 3560 253 3616 luem
264 3563 289 3618 si
302 3580 385 3644 aqum
404 3564 568 3625 artificiales
577 3564 770 3626 adhibeantur
778 3568 810 3626 in
825 3567 988 3646 baptismo,
1003 3570 1144 3648 quianon
