2576 4168
194 220 232 283 il
276 296 279 303 Ι
395 204 459 278 'tila
470 217 499 276 6.
514 216 559 278 De
571 215 723 297 peremptis
737 212 980 297 particularibus.

195 322 254 382 rios
268 337 327 378 non
337 315 491 378 recitantes
504 314 602 393 primo
614 315 746 375 semestri
756 315 793 375 ab
801 316 1197 398 obligationemtttuttontsa

195 405 291 482 nequo
313 402 439 463 babetur
460 408 577 479 paetum
599 409 733 481 respectu
754 401 907 471 lloelesiae,
929 399 997 461 edm
1025 403 1100 463 illud
1117 408 1197 467 nulle

191 489 279 566 jure,
298 496 350 548 aut
364 486 479 547 ratione
498 483 649 561 probetur.
665 487 764 544 Donec
783 485 875 563 igitar
895 483 934 543 ele
960 483 1017 545 boe
1037 497 1121 564 paeto
1136 509 1197 551 nen

192 580 322 643 constet,
337 571 441 648 nequit
466 566 523 628 dict
544 567 764 628 beneficiarium
781 568 967 628 omittentem
981 569 1111 632 officiam
1132 592 1197 635 turn

192 658 354 718 intentione
373 653 546 714 restituendi
562 653 675 713 fructus
700 670 820 731 peecare
839 662 941 713 contre
962 651 1119 730 justitiam.
1139 660 1197 720 blec

192 736 492 812 obstat,'beneficium
512 737 575 796 dari
591 746 712 816 propter
733 736 885 811 officium
903 754 973 797 nam
989 738 1065 802 tent
1077 760 1200 820 respon·

192 826 241 885 det
252 822 383 892 Polam,
398 822 478 901 qubd
491 820 666 881 beneficium
685 840 746 882 non
758 822 846 881 datm
862 822 900 881 ab
918 823 1041 883 anleda
1055 825 1199 887 rubobli-

191 910 307 987 gatiano
327 907 468 986 justitie,
492 905 543 965 sed
573 905 738 983 religionis,
759 904 829 965 edm
862 905 1003 983 obltgatto
1025 907 1117 968 offleii
1136 928 1195 972 non

192 993 304 1053 oriatur
314 1010 349 1052 ex
363 989 505 1053 beneficio
517 1035 526 1063 ,
540 988 592 1050 sed
610 1007 645 1049 ex
663 996 809 1067 precepto
821 990 955 1051 Ecclesiae
975 991 1091 1053 muana
1108 993 1195 1055 bene

191 1075 251 1138 ficii
265 1075 402 1155 imposito
417 1094 454 1135 ex
467 1075 579 1135 motivo
591 1074 753 1152 religionis.

230 1159 285 1223 Sed
303 1160 402 1220 dices:
421 1159 445 1219 si
466 1159 583 1220 nullum
599 1158 756 1219 intercedit
772 1166 891 1236 pactum
909 1174 978 1219 oum
989 1158 1193 1237 mnefleinrio,

191 1244 249 1324 qui
260 1245 374 1304 ratione
391 1244 455 1323 ipse
473 1242 605 1320 peccabit
616 1249 718 1301 contra
735 1240 899 1319 justitient,
913 1243 938 1302 ei
951 1243 1065 1304 trucem
1075 1264 1137 1306 non
1149 1266 1197 1308 re·

191 1330 311 1400 stituet,
329 1324 373 1386 ull
389 1325 477 1406 suprb
494 1334 634 1401 tanquam
652 1333 766 1385 eertum
783 1327 968 1405 suppositum
985 1332 1051 1388 est?
1065 1330 1199 1410 llespron-

190 1412 277 1473 detur
291 1431 299 1469 :
315 1411 448 1471 Peceabit
468 1418 569 1471 eontra
585 1407 729 1485 justitiam
745 1428 806 1470 non
824 1413 941 1471 ratione
957 1413 1034 1490 paati
1046 1413 1131 1487 initi,
1145 1418 1195 1477 sed

189 1497 305 1555 ratione
322 1491 499 1552 conditionis
520 1510 580 1554 non
606 1493 756 1570 impletae:
774 1493 851 1554 bene
864 1490 946 1554 enim
961 1497 1059 1573 potuit
1072 1499 1195 1561 Ecclesia

186 1578 381 1639 beneficiariis
396 1578 549 1654 imponere
569 1594 692 1655 pensum
710 1578 798 1638 officii
812 1579 851 1639 ob
864 1579 1010 1640 motivum
1024 1581 1194 1660 religionis,

189 1663 237 1724 rel
252 1663 308 1725 sub
323 1660 491 1723 conditione
506 1678 568 1720 non
586 1659 710 1720 faciendi
728 1661 842 1724 fructus
862 1679 945 1736 suos,
961 1664 986 1725 si
1007 1683 1069 1725 non
1090 1668 1196 1729 recita-

188 1749 307 1820 verint,
329 1749 378 1808 rel
400 1746 455 1807 sub
475 1763 561 1825 poene
581 1746 718 1824 negativa
741 1766 801 1808 non
822 1747 993 1825 acquirendi
1014 1749 1147 1824 tructus,
1169 1756 1195 1816 si

189 1832 318 1893 officium
331 1831 501 1905 omiserint,
514 1830 606 1907 juxta
615 1830 693 1891 dieta
705 1828 726 1890 l.
739 1833 770 1890 d.
783 1852 816 1892 a.
831 1834 899 1893 665.
914 1842 944 1892 et
955 1840 989 1893 ut
999 1841 1104 1894 tenent
1120 1832 1196 1900 Viuo

188 1912 260 1977 ibid.
272 1918 389 1997 ctLupo
399 1918 485 1995 lleap.
502 1932 576 1975 mor.
591 1910 612 1973 i.
631 1915 658 1973 t.
675 1912 746 1975 dub.
761 1917 791 1975 6.
808 1934 892 1976 num.
904 1919 933 1976 6.
946 1912 1108 1980 Holzm.d.
1120 1936 1194 2000 pop.

187 2001 256 2061 tlt.
275 2019 307 2061 o.
326 2002 394 2060 462.
413 1999 493 2078 quod
512 1996 598 2057 velda
617 1998 769 2075 probabile
786 2007 870 2078 putat
888 2001 976 2060 Arar.
995 2018 1029 2081 p.
1051 2002 1083 2061 ll.
1101 2000 1122 2062 d.
1141 2005 1195 2065 to.

187 2102 213 2145 e.
229 2087 277 2147 lt.
292 2104 342 2167 qu.
358 2081 566 2145 troesenen
583 2082 635 2159 (sit
648 2079 829 2160 Holzmann)
842 2082 1020 2144 beneficiarii
1040 2103 1099 2146 noa
1117 2088 1193 2149 raet·

187 2178 282 2230 tentes
301 2179 369 2229 ante
383 2167 557 2228 sententiam
577 2173 717 2225 tenentur
729 2166 766 2225 ad
788 2167 938 2228 fruetuum
955 2168 1193 2247 restimtionem,

188 2254 254 2332 quia
277 2252 359 2325 haec,
377 2251 448 2314 licet
470 2252 508 2310 sit
532 2268 636 2329 penna,
659 2267 721 2309 non
745 2259 789 2310 est
814 2259 912 2311 temen
933 2270 1021 2329 poena
1043 2254 1192 2331 positive,

87 2328 91 2341 '
185 2348 237 2399 aut
250 2340 411 2419 privativa,
423 2337 487 2397 scil.
503 2354 569 2413 quse
579 2334 827 2413 priretlruotibus
836 2337 1002 2413 requisitis,
1012 2346 1042 2397 et
1052 2335 1088 2398 ad
1102 2339 1196 2418 quem

186 2424 330 2483 sententia
356 2421 548 2499 requiretur,
572 2419 622 2478 sed
646 2427 690 2478 est
712 2436 797 2496 prena
820 2421 976 2497 negativa,
999 2439 1106 2500 nempe
1123 2443 1194 2499 quae

187 2518 272 2586 negat
293 2524 376 2585 posse
396 2504 507 2581 acquiri
528 2504 642 2563 fructus
658 2502 673 2562 l
690 2521 750 2563 non
765 2504 975 2575 recitantibus,
994 2515 1084 2582 prout
1098 2508 1122 2566 si
1136 2512 1194 2568 Eo·

186 2592 271 2651 alesia
291 2590 384 2661 dicat,
401 2605 461 2647 non
482 2586 608 2658 concedo
628 2586 684 2646 tibi
705 2587 817 2661 fructus
835 2587 891 2646 nisi
905 2587 1036 2647 officium
1050 2591 1196 2652 recitare·

183 2675 223 2735 ris
240 2673 305 2753 (hoc
318 2682 415 2732 tamen
427 2670 621 2747 intelligitur,
632 2670 656 2729 si
669 2670 855 2747 culpabiliter
867 2670 998 2732 odicium
1018 2673 1194 2753 omittetur3

184 2755 265 2818 sociis
287 2754 376 2827 verb,
393 2754 418 2814 si
434 2755 497 2813 sine
518 2753 602 2831 culpa
627 2754 729 2831 gravi,
747 2754 831 2813 docet
849 2751 999 2833 Lupa-loo.
1012 2758 1083 2832 eit,
1094 2767 1195 2836 utque

184 2842 312 2902 diximus
334 2835 355 2899 l.
371 2840 401 2897 l.
419 2856 452 2898 o.
469 2839 539 2897 665.
550 2856 616 2898 cum
630 2839 709 2898 less.
725 2837 997 2910 acceleratim,
1016 2849 1045 2899 et
1061 2859 1196 2903 comm

183 2924 283 3002 niort).
301 2923 386 2984 Unde
406 2921 610 2994 concluditur,
628 2921 833 3000 respondendo
853 2922 890 2982 ud
913 2923 1085 2999 quaesitum,
1108 2926 1196 3002 qaod

182 3010 207 3069 si
221 3005 352 3068 sacerdos
369 3005 573 3067 beneficiarius
593 3007 703 3065 omittit
714 3005 844 3066 officium
863 3007 966 3066 nolens
975 3007 1090 3066 fmctua
1104 3012 1196 3070 resti-

183 3101 288 3164 tuero,
311 3098 409 3169 peceat
429 3098 529 3150 contra
551 3089 743 3166 religionem,
764 3098 794 3149 et
814 3099 914 3150 contre
934 3089 1098 3166 justitium,
1121 3092 1196 3157 ebur

182 3178 308 3239 retineat
325 3175 470 3245 alienum,
483 3172 562 3250 quod
581 3174 733 3249 requirere
748 3188 810 3232 uon
824 3174 1114 3250 poteretomittendo
1125 3177 1196 3236 offi-

182 3261 283 3321 cium:
298 3259 322 3319 si
343 3257 414 3318 verb
430 3258 541 3317 omittit
558 3258 659 3335 volens
676 3257 788 3316 fruetus
807 3257 983 3329 restituere,
1003 3266 1075 3317 tuno
1091 3269 1197 3337 percat

180 3340 298 3403 tantum
318 3349 419 3401 eontra
438 3341 631 3418 religionem,
651 3356 712 3400 non
730 3340 802 3402 verb
821 3346 923 3402 contra
938 3339 1103 3419 justitiam,
1115 3344 1197 3420 ⁴quia

182 3433 253 3484 tunc
266 3424 395 3483 alienum
412 3443 473 3501 non
493 3425 611 3483 retinet.

219 3505 367 3574 Quaeritur
377 3507 416 3562 ll.
430 3507 475 3562 An
487 3505 689 3568 beneficiarius
708 3510 845 3568 omittens
864 3508 993 3569 officium
1007 3517 1109 3588 peeeet
1122 3528 1200 3587 gra-

182 3586 273 3656 riter,
295 3587 320 3644 si
341 3584 410 3643 aliis
432 3586 538 3646 lrabeat
557 3591 691 3650 animum
711 3592 886 3657 restituendi
905 3592 1020 3653 fruetus
1039 3591 1197 3654 beneficii.
