2610 4186
285 232 396 312 Capu.
413 234 458 292 De
469 231 604 293 ministro
616 237 877 292 sacramentorum.
890 229 969 292 Dub.
984 232 1015 311 2.
1036 308 1039 313 ,
1057 308 1060 315 ⁴
1093 230 1164 290 9892

144 333 257 412 plinam
269 340 452 391 sacramenta
463 332 641 409 poenitentiae
650 331 839 391 conscientias
848 330 1003 407 diligenter
1013 332 1160 408 purgare,¹

145 419 209 477 sine
225 434 260 476 eo
286 414 367 492 quid
397 414 437 473 ihi
458 414 517 473 ulle
536 414 678 492 temporis
705 413 841 492 probatio
867 413 1080 491 praeseribatur.
1106 415 1149 471 En

144 501 233 559 verba
245 496 419 559 Cateeliismi
437 517 445 554 :
465 495 602 559 Primum
612 496 710 576 itaque
729 496 763 556 in
774 515 821 572 eo,
844 495 899 575 qui
917 495 1152 557 sarmdoscrean-

144 582 202 644 dus
222 591 284 654 est,
302 579 372 641 uitta
387 589 416 639 et
435 599 552 640 ntorum
572 580 727 660 inteqritus
742 580 956 640 commendetur
978 584 1152 662 maqnopert

142 673 305 747 oportet...
322 665 363 723 m
384 659 478 738 simul
488 660 565 722 illud
580 661 762 739 docendum,
779 682 814 722 ca
829 663 959 743 corporis
974 664 1048 724 citio
1057 711 1067 741 ,
1085 685 1152 746 quiae

141 751 177 811 iu
198 749 290 809 aeteri
303 745 361 826 leqe
375 765 412 806 ec
424 747 549 806 Domini
555 746 776 826 praescriptione
787 744 915 826 aliquem
927 747 965 809 ali
980 742 1085 810 altaris
1094 751 1151 811 mi·

141 834 263 897 misterio
279 828 469 893 excludebant
477 876 487 905 ,
502 833 536 890 iu
550 828 730 910 Euanqelica
745 829 804 912 leqe
814 830 854 892 ad
873 831 982 894 animm
994 835 1068 894 uitia
1079 855 1151 915 prce·

140 921 226 1001 cipue
239 914 445 996 transferenda
461 933 531 975 esse.
549 917 646 989 Quare
664 923 796 976 sanctam
810 913 894 976 illam
914 919 1150 991 consuetudinem

141 1003 176 1064 in
188 999 319 1062 Ecclesia
331 998 445 1059 seruari
461 997 742 1075 animadvertimus,
758 1007 809 1076 ut,
826 1002 879 1080 qui
896 1002 988 1062 saeris
1008 1003 1151 1066 initiandi

140 1096 231 1157 susat,
251 1084 337 1165 prius
347 1082 526 1164 paenitentiae
538 1092 720 1142 sacramento
732 1084 936 1144 conscientiam
948 1104 1078 1167 purqare
1087 1086 1151 1150 dttt-

138 1179 240 1252 pentec
248 1166 395 1231 studeant.
410 1168 451 1225 Ex
466 1184 525 1244 qno
540 1174 635 1244 potet,
648 1166 860 1228 Ceteehismum
873 1185 1039 1248 supponere
1050 1216 1057 1242 ,
1068 1171 1154 1249 qudd‘

140 1253 266 1331 aliquis,
283 1252 337 1310 etsi
359 1250 440 1309 vitiis
463 1251 551 1308 suerit
568 1250 711 1309 obnoxius
727 1295 735 1321 ,
749 1250 825 1310 bene
846 1254 937 1328 possit
957 1254 1148 1316 absolutionis
1187 1308 1190 1313 ,

140 1336 284 1396 beneficio
299 1335 378 1405 irai,
393 1342 421 1392 et
434 1331 730 1393 indesaerosordines
741 1335 890 1412 recipcre,
902 1335 990 1397 etiem
1001 1337 1064 1397 sine
1073 1357 1149 1417 prce·

140 1417 1148 1495 cedentitemporisexperientia:intelligendum,dummoddaliundc

140 1502 199 1564 rite
214 1501 370 1580 dispositus
379 1498 528 1575 judicetur
539 1500 575 1558 ad
585 1509 696 1561 tantam
712 1501 885 1578 dignitatem
898 1504 1065 1565 ascendere.

178 1587 254 1646 Hinc
265 1584 483 1663 ipseJueuinus
495 1584 526 1641 in
546 1585 682 1661 praesenti
702 1587 879 1664 quastione,
893 1587 961 1647 liedt
972 1585 1022 1648 hic
1037 1590 1147 1668 rigida-

137 1690 209 1731 rnm
231 1669 444 1728 sententiarum
468 1670 627 1727 acerrimus
649 1677 774 1728 sectator
791 1671 861 1730 olibi
877 1671 1025 1757 innopere
1043 1673 1080 1733 de
1097 1693 1146 1737 sa·

137 1773 231 1815 marre.
251 1751 322 1812 diss.
343 1753 373 1812 8.
398 1770 450 1829 qu.
475 1752 504 1810 7.
527 1769 552 1810 c.
575 1754 606 1811 2.
636 1752 758 1812 omnino
788 1753 928 1813 indixerit
946 1758 1146 1821 neeemitetern

138 1837 320 1917 probationis
334 1835 493 1911 temporis,
511 1844 544 1894 ut
561 1835 666 1894 elerico
686 1826 760 1896 vitio
776 1838 857 1914 turpi
882 1838 1039 1915 illaqueata
1055 1845 1145 1919 possit

98 1919 109 1968 ἐ
138 1920 271 2001 permitti
289 1921 326 1978 ad
349 1919 466 1980 ordines
482 1936 577 1977 saeros
595 1919 769 1993 ascendere,
789 1926 918 1980 attamen
937 1923 969 1980 in
989 1923 1049 1981 suis
1068 1928 1143 1985 Inst.

139 2001 225 2066 ineat.
250 2013 272 2064 t.
289 2006 320 2064 7.
336 2023 368 2084 p.
386 2005 416 2064 8.
439 2001 510 2063 diss.
532 2004 562 2062 7.
587 2022 618 2084 q.
636 2005 665 2061 t.
684 2001 785 2081 infin.
799 2003 922 2081 loquens
939 2004 976 2062 de
994 2004 1145 2069 habitante

138 2091 169 2149 in
188 2089 261 2148 vitio
277 2088 378 2164 turpi,
397 2088 487 2146 veluti
501 2087 628 2163 seipsum
645 2087 811 2162 corrigere,
827 2094 856 2144 et
869 2086 1024 2163 benigniias
1031 2106 1122 2166 ,agens
1135 2136 1143 2161 ,

137 2174 180 2232 sie
199 2172 297 2247 inquit
316 2191 323 2228 :
343 2169 472 2243 Verum,
496 2169 563 2228 ciem
576 2183 689 2250 'paucae
708 2167 771 2229 sint
789 2166 917 2248 requlm,
942 2187 1008 2246 qstoe
1027 2168 1146 2253 aliquas

136 2255 315 2334 acceptiones
327 2274 388 2315 noia
403 2254 578 2334 patiantur,
594 2253 742 2333 carpatium
765 2251 817 2312 lcoc
835 2251 977 2331 sapientis
990 2271 1024 2314 ac
1036 2255 1147 2317 eructu

136 2336 288 2399 directoris
300 2336 465 2417 prudentiae
485 2336 721 2396 cortianittendum
741 2345 793 2396 est.
1072 2362 1075 2366 ·

174 2424 224 2482 75.
237 2457 275 2469 -
290 2424 345 2482 Sed
363 2423 440 2481 dices
456 2425 480 2480 Ι.
506 2423 545 2480 Ut
563 2423 628 2499 quis
645 2422 724 2482 licite
737 2422 855 2482 ordines
878 2441 973 2483 sacros
998 2422 1143 2503 suscipere

136 2507 244 2585 possit,
274 2506 438 2584 requiritur
466 2523 526 2564 non
552 2503 668 2565 tantiam
685 2514 821 2578 externa,
843 2508 894 2566 sed
918 2509 1007 2568 etiam
1027 2509 1143 2577 interna

135 2592 248 2649 vocatio
268 2591 366 2649 divina
381 2599 431 2665 ;at
451 2589 599 2667 quomado
616 2591 776 2649 existimari
789 2593 898 2669 poterit
916 2601 1035 2653 vocatus
1053 2592 1143 2654 dDea

136 2675 187 2732 ille
202 2674 253 2752 qui
268 2674 318 2732 diu
334 2675 406 2733 vitio
428 2673 552 2732 laseiviae
566 2678 608 2731 e'st
623 2673 767 2747 foedatus,
788 2675 842 2734 nisi
861 2672 943 2753 priris
958 2695 1011 2755 per
1027 2677 1147 2755 longamv

134 2759 339 2834 poenitentiam
351 2758 529 2816 etvirtntum
543 2758 679 2815 exercitia
692 2757 773 2832 signa
787 2776 864 2816 verae
877 2761 1036 2819 evocationis
1050 2771 1145 2820 osten-

134 2839 212 2899 dat?
236 2842 273 2900 Et
295 2841 444 2918 quomado
480 2840 671 2900 confessarius
698 2841 910 2901 absolutionem
937 2843 963 2901 ei
994 2842 1141 2920 impertiri

133 2922 262 3000 poterit,
284 2943 373 3000 quem
392 2941 452 2983 non
469 2924 599 3001 agnoseit
618 2920 711 2984 lDeo
731 2929 890 2983 vocatum?
910 2926 1153 3002 Respondemus

107 3023 113 3027 ·
133 3007 215 3066 Nulli
238 3007 363 3068 dubium
375 3051 383 3080 ,
396 3005 476 3083 quod
489 3010 514 3065 si
529 3008 596 3083 quis
608 3008 744 3066 accedere
757 3007 878 3065 auderet
899 3007 938 3064 ed
963 3024 1075 3064 suerum
1094 3025 1143 3064 or-

132 3089 315 3150 dinationem
328 3132 337 3158 ,
351 3092 445 3149 sciens
459 3088 476 3148 ia
493 3091 555 3149 Deo
568 3104 599 3147 se
615 3098 749 3148 vocatum
770 3107 830 3147 non
843 3105 905 3146 esse
918 3131 927 3162 ,
941 3089 1070 3146 excusari
1089 3106 1141 3146 ne·

133 3172 266 3249 quiretd
288 3173 373 3250 culpa
393 3170 514 3244 lethali,
541 3169 606 3230 tiam
631 3171 669 3230 ob
691 3187 810 3247 gravem
831 3170 1090 3247 praesumptionem
1109 3188 1140 3228 sc

132 3255 304 3314 intrudendi
321 3258 352 3315 in
364 3255 563 3315 sanctuarium
578 3263 678 3313 contra
690 3253 743 3311 Dei
765 3252 966 3322 voluntatem,
981 3250 1049 3311 edm
1063 3252 1140 3312 dieat

131 3339 281 3415 apostolus
296 3360 304 3397 ε
320 3342 380 3400 Nec
398 3338 556 3421 quisquam
568 3335 660 3397 sumit
673 3333 731 3396 sibi
751 3332 889 3394 honorem
902 3376 911 3406 ,
923 3333 974 3394 sed
989 3334 1043 3416 qui
1055 3353 1141 3395 coea-

133 3430 186 3480 tur
201 3423 292 3481 dDeo
308 3431 453 3503 tanquam
466 3423 577 3481 Aaron.
589 3418 678 3480 Hebr.
692 3437 716 3479 c.
745 3419 774 3476 d.
788 3417 821 3489 ri.
838 3418 868 3476 i.
893 3415 958 3478 tdm
972 3418 1010 3477 ob
1028 3419 1152 3496 pericu-⁴

131 3507 195 3565 lum
213 3515 326 3565 certum
341 3505 536 3566 damnationis
555 3506 601 3564 cui
618 3513 689 3565 tnnc
702 3505 764 3582 ipse
783 3521 814 3562 se
831 3503 972 3581 exponit,
986 3511 1021 3562 ut
1039 3504 1140 3563 asserit
1197 3538 1199 3545 ,

131 3586 233 3667 Atettp
248 3590 280 3648 in
295 3609 348 3649 sua
363 3608 452 3650 aureo
464 3589 623 3667 opusculo,
646 3589 692 3648 cui
708 3587 834 3662 titulus,
850 3584 988 3648 Sacerdos
1010 3583 1136 3672 Christi,

173 3674 258 3732 Torta.
284 3675 321 3737 V.
945 3673 983 3732 25
