2602 4198
337 230 409 312 dep.
423 231 454 293 1.
470 229 513 293 De
528 225 758 307 contestatione.
769 226 848 292 aas.
861 228 893 290 1.
1056 222 1114 288 105

114 339 161 397 iit
176 342 218 394 ds
230 339 320 394 ostem
331 337 418 406 passis
428 350 591 403 presumere
602 334 890 391 eooscosamaliooam
901 330 1113 401 episcoporum?
1185 332 1188 339 “

113 422 157 475 tii
176 424 267 486 osser.
288 420 313 470 1.
334 431 373 470 on
390 411 574 485 confirmans,
596 421 622 468 et
641 414 849 481 confirmandas
863 411 976 465 debeam
996 423 1051 462 esse
1066 410 1111 476 js·

199 490 286 565 jaas?
297 494 388 556 Ques.
400 490 425 541 1.
436 495 481 541 Ao
492 488 666 555 confirmatio
678 486 866 539 ministrando
884 485 920 539 sit
931 484 962 536 io
970 481 1112 536 Ecclesia?

206 576 289 626 titan
300 568 422 636 conferri
431 568 520 636 possit
530 567 561 620 in
572 567 614 620 die
622 567 734 634 ferioli,
746 570 772 619 ct
789 563 918 634 vespere?

110 652 159 706 ma
175 649 293 718 Quando
306 653 433 702 teneatur
444 647 596 715 Episcopus
608 645 798 715 confirmare?

110 733 158 785 trs
176 730 296 797 Quinam
306 726 398 783 solidi
411 725 633 795 confirmentur?

110 810 158 864 itt
174 809 372 877 Aoinsontest

109 893 158 945 178
174 895 217 947 dn
230 892 266 944 ait
276 889 405 944 illicitam
419 900 522 957 pueros
539 886 705 955 confirmare
721 885 780 940 siae
791 886 902 939 caasa?

108 970 157 1025 tro
175 975 242 1041 Qaoe
252 970 395 1039 dispositio
406 970 444 1022 od
454 966 692 1036 confirmationem
701 964 887 1035 requiratur?
936 968 938 971 '

108 1051 159 1105 tm
174 1055 217 1103 so
228 1049 301 1106 liciti
311 1050 508 1119 confirmentur
520 1047 663 1103 amentes?

146 1307 216 1370 170.
230 1244 420 1371 -sRosm
443 1308 473 1366 1.
491 1305 624 1367 Minister
644 1306 810 1371 ordinarius
831 1303 935 1366 aalide
959 1301 1114 1365 confirma-¹

108 1416 124 1448 s
146 1391 237 1453 tionis
251 1400 295 1453 est
316 1393 394 1453 solus
417 1398 448 1452 et
464 1391 560 1451 omnis
574 1390 752 1470 Episcopus,
774 1391 864 1449 etiam
881 1387 1114 1448 excommunica·

109 1502 124 1533 s
145 1485 212 1548 tus,
224 1476 272 1536 vel
289 1473 443 1537 nanticus
457 1495 465 1533 s
481 1491 517 1534 en
530 1475 734 1534 commissione
746 1473 918 1545 antem,ch
932 1471 1113 1550 delegatione

109 1587 124 1617 s
147 1559 313 1632 Pontiflois,
331 1560 420 1621 etiam
449 1559 574 1636 simplex
596 1559 740 1619 sacerdos.
771 1561 820 1618 list
838 1556 1015 1618 communis.
1041 1553 1114 1619 Vide

108 1672 124 1703 s
146 1649 236 1710 Fero.
250 1645 354 1727 [aym.
371 1641 393 1705 1.
408 1646 437 1705 5.
451 1651 472 1705 1.
487 1645 516 1706 5.
530 1660 555 1704 c.
572 1644 600 1704 o.
614 1646 723 1707 Boooc.
739 1641 770 1704 d.
781 1645 810 1704 5.
823 1661 854 1724 p.
867 1645 898 1703 1.
914 1710 916 1715 χ

145 1739 312 1814 Querituc,
337 1755 375 1796 an
400 1737 476 1815 Papa
506 1737 597 1815 possit
619 1737 802 1798 committere
821 1735 948 1815 simplici
971 1730 1114 1801 secerdoti

107 1822 275 1888 facultatem
295 1818 514 1881 confirmandi?
533 1821 653 1880 Certum
669 1830 712 1880 est
739 1821 834 1880 solum
857 1820 1030 1898 Episcopum
1053 1834 1115 1882 esse

105 1905 278 1974 ministrum
298 1904 483 1965 ordinarium
498 1896 585 1979 hujus
607 1903 798 1972 sacramenti,
821 1911 856 1962 ut
869 1903 991 1961 sancivit
1010 1903 1112 1963 Inaoe.

108 1991 174 2056 ΙΙΙ.
189 1988 223 2050 iss
236 2005 303 2070 cop.
318 2004 372 2048 ao.
391 1986 426 2048 de
446 2004 532 2048 sacra
544 1986 675 2046 coactiost.
689 1985 716 2067 ς.
731 1989 791 2047 Per
799 1983 911 2067 [rotatis
920 2030 931 2061 ,
944 1985 995 2047 ubi
1016 1984 1111 2046 dixitz
1177 2005 1182 2013 ·

109 2073 186 2137 Ciam
217 2080 336 2134 ceteras
362 2070 512 2132 coactiones
537 2065 662 2150 simplex
686 2066 818 2140 sacerdos
841 2066 939 2129 voleat
957 2065 1112 2143 cohibere,

106 2157 185 2222 domo
196 2154 315 2236 (scilicet
328 2151 553 2231 chrismationls)
568 2151 691 2214 monssisi
702 2170 835 2215 sanamus
847 2148 1008 2226 Sacerdos,
1022 2147 1055 2210 id
1071 2160 1115 2215 est

106 2238 288 2324 Episcopus,
299 2235 380 2299 debet
389 2232 531 2316 conferre.
545 2239 581 2296 Et
594 2237 671 2296 idom
684 2235 818 2296 definivit
832 2233 1036 2297 Tridentinam
1042 2251 1111 2296 sess.

107 2325 138 2386 7.
163 2332 189 2385 c.
206 2323 236 2384 5.
259 2323 332 2389 abi:
349 2322 383 2382 Sa
397 2337 465 2403 pass
482 2318 591 2382 deserat
616 2327 725 2382 sanctie
739 2316 971 2398 confimmtioois
993 2315 1115 2377 ordino·
1141 2370 1149 2386 ,

105 2410 189 2471 mecm
206 2405 378 2468 ministrum
398 2422 459 2464 ooo
487 2420 547 2464 esse
570 2399 665 2463 soleam
686 2402 884 2484 Episcopum,
908 2398 959 2462 sed
985 2402 1114 2482 qaeosais

105 2486 269 2573 simplicem
285 2485 483 2560 sacerdotem,
500 2485 660 2551 oootlesoa
685 2487 735 2548 sit.
750 2484 880 2548 Dubiam
897 2493 996 2551 nutem
1008 2483 1043 2545 lit
1055 2528 1065 2558 ‚
1076 2502 1113 2547 an

106 2592 145 2637 cx
170 2573 354 2637 concessione
374 2570 522 2633 Pontificis
544 2571 635 2650 possit
652 2569 776 2649 simplex
798 2569 929 2641 sacerdos
942 2566 1115 2642 confirmare
1159 2617 1162 2622 .

106 2664 249 2735 tamqnam
272 2657 408 2717 minister
424 2653 686 2715 extraordinarius.
709 2655 802 2732 Negat
820 2649 942 2714 Vioadc
960 2649 1041 2732 confi
1061 2670 1113 2733 qa.

93 2742 136 2817 Ι5.
155 2747 214 2801 ort.
226 2743 258 2800 2.
270 2757 302 2801 o.
318 2740 347 2799 1.
361 2755 396 2800 oa
417 2733 512 2808 Salso.
528 2735 564 2797 de
587 2737 719 2818 confirm.
743 2756 769 2798 c.
791 2739 821 2801 1.
834 2755 869 2823 p.
886 2738 914 2798 1.
935 2756 969 2797 o.
988 2739 1035 2799 18.
1049 2756 1114 2799 cam

104 2823 275 2898 commoni,
296 2830 330 2889 ut
350 2828 495 2883 asserunt
515 2817 572 2880 Sed
595 2836 665 2880 vera
683 2822 827 2885 sententia
848 2821 974 2882 affirmat
994 2840 1061 2882 cum
1080 2820 1112 2884 S.

109 2904 169 2967 rt.
182 2906 213 2965 5.
222 2912 303 2985 pact.
314 2923 366 2984 qo.
377 2906 426 2965 71.
438 2910 496 2965 art.
512 2902 559 2963 11.
571 2901 613 2971 aa
627 2904 657 2963 1.
673 2905 819 2971 Petcooos.
831 2906 961 2967 Camino
973 2947 981 2977 ‚
992 2912 1113 2985 atroque

109 2991 223 3050 Toum.
253 2987 288 3048 ate
314 2987 427 3048 eninist.
450 2984 585 3065 confimo.
610 2984 699 3047 conci.
720 2990 750 3048 2.
778 2986 868 3049 cmix
890 2984 912 3045 1.
941 2988 970 3047 6.
984 3004 1015 3065 p.
1032 2988 1059 3047 1.
1078 3006 1111 3048 n.

106 3072 178 3133 586.
201 3089 268 3131 cam
288 3069 357 3130 Pol.
373 3074 501 3143 Aversa,
529 3079 558 3131 et
577 3067 648 3133 otiis
665 3067 810 3150 placidos.
838 3069 870 3129 ld
893 3087 929 3127 oe
950 3068 1038 3129 hodie
1054 3089 1113 3151 non

107 3152 235 3230 amplids
256 3153 453 3214 dubitandum
480 3171 517 3214 ex
542 3153 625 3213 Bulla
651 3154 693 3214 Ν.
714 3155 767 3215 SS.
783 3155 822 3214 P.
882 3149 1003 3211 caedisti
1022 3154 1112 3216 XIV.

106 3238 293 3315 incipiente,
313 3239 360 3298 Eo
378 3236 515 3318 quamvis
543 3245 687 3316 tempore,
711 3236 788 3301 edita
813 3237 842 3296 1.
860 3233 927 3311 lloji
946 3236 1036 3294 1715.
1063 3236 1114 3299 ubi

107 3319 242 3380 Pontifex
258 3321 397 3394 indulsit,
422 3328 456 3379 ut
475 3318 595 3397 Cophtis
613 3319 774 3385 sacerdotes
799 3318 973 3383 missionarii
994 3336 1048 3395 pro
1061 3338 1115 3380 ne·

107 3403 240 3464 cessitate
269 3405 381 3483 possint
407 3403 576 3465 ministrare
596 3401 1035 3478 confirmationem‚,additque,
1058 3402 1114 3465 hoc

63 3513 67 3522 ·
106 3502 170 3547 non
184 3505 245 3548 osse
258 3506 387 3564 novum,
402 3487 453 3550 sed
465 3489 603 3548 usitatum
620 3484 680 3548 iS.
695 3489 833 3564 Grcqorio
847 3487 885 3549 M
886 3529 893 3544 .
915 3493 945 3561 ot
961 3484 1027 3544 aliis
1038 3484 1115 3547 Pon·

105 3569 255 3650 -tilrcibom
281 3573 428 3654 rclertque
448 3573 487 3635 P.
506 3568 658 3635 Zacharia
684 3569 766 3652 opud
790 3569 879 3634 Croia
896 3565 947 3632 lid.
971 3570 1003 3629 6.
1031 3585 1104 3652 pap.
