2610 4186
311 225 385 313 Cup.
399 226 429 285 4.
444 212 1001 290 170040436030000000403040.4)04.
1015 229 1045 290 4.
1124 232 1182 293 467

170 324 413 402 irregularitate,
440 329 492 382 eut
511 322 623 395 simili,
647 322 769 383 omninb
789 340 851 383 esse
874 323 1067 401 rejiciendum
1093 347 1182 393 nemo

174 402 325 470 dubitat':
344 407 368 466 si
391 404 462 466 verb
487 406 526 465 sit
545 405 683 483 indignus
705 405 842 480 tantiam,
862 410 931 488 quie
950 419 994 472 est
1011 412 1043 473 40
1066 426 1182 492 peccato

175 493 295 557 mortali
304 532 314 563 ,
323 489 439 551 dubitat
452 489 540 550 Croiu
550 486 601 552 444.
615 492 644 551 6.
657 507 689 568 p.
704 493 733 551 4.
748 509 778 550 0.
790 492 857 552 446.
870 511 937 554 eum
947 495 1040 555 Heur.
1061 496 1183 561 addunt·

174 595 236 655 que
257 577 361 656 Lupo,
385 571 502 645 040444,
529 592 589 633 000
612 592 696 653 posse
720 573 818 651 rejici,
834 577 858 635 si
875 575 924 653 jus
942 578 1004 655 ipse
1021 583 1183 656 proetendat

174 660 290 721 ratione
306 656 460 730 beneficii,
479 676 530 717 seu
550 657 700 736 dignitatis
719 659 857 719 obtentae.
873 660 930 720 Sed
945 660 1066 725 0040404
1085 664 1184 726 verids

174 752 248 822 puto
270 741 426 803 dicendum
449 759 515 801 oum
534 740 610 803 Viuo
632 741 667 802 de
688 760 764 803 socr.
787 760 818 823 p.
837 747 866 804 4.
883 753 942 806 ort.
957 748 987 806 4.
1002 766 1035 807 0.
1059 750 1088 808 b.
1100 749 1181 827 quod

174 827 315 904 indignus
328 827 416 886 etiem
437 827 568 885 occultus
589 825 626 885 ob
642 826 796 886 ordinibus
815 828 938 890 omnind
958 839 1002 890 est
1015 832 1179 893 arcendosc

176 910 296 972 elidem
309 907 480 969 0400440304
492 911 579 968 etiam
595 911 626 970 S.
643 908 698 970 Tb·
710 907 814 990 Suppl.
830 913 860 971 5.
875 930 908 992 p.
923 929 953 991 q.
966 915 1015 974 56.
1032 925 1091 976 art.
1105 915 1184 978 nod

166 998 210 1057 ‘5.-
220 994 272 1053 ubi
286 992 371 1069 dicit,
384 1010 445 1052 non
458 993 610 1063 sufficere,
623 992 703 1070 qubd
718 995 853 1071 prolatus
862 998 971 1058 nesciet
984 998 1183 1060 ordinandum

174 1096 237 1140 esse
262 1078 294 1136 in
316 1087 432 1155 peccato
448 1098 455 1134 =
471 1075 528 1137 Sed
548 1076 638 1136 etiam
652 1076 782 1157 ccipitur
802 1077 945 1159 emplius,
964 1089 1000 1141 ut
1024 1082 1183 1145 secundini

172 1179 344 1222 0400300000
368 1158 481 1221 ordinis
495 1157 663 1241 dilipentt'or
682 1178 754 1219 curu
775 1170 962 1242 apponetur,
986 1174 1022 1226 ut
1038 1164 1182 1228 debeatur

173 1243 314 1307 certitudo
330 1242 365 1303 de
382 1241 525 1324 qualitate
543 1242 816 1324 proruoueudorum.
833 1248 869 1306 Et
886 1248 918 1307 in
941 1266 1075 1328 respons.
1092 1250 1134 1313 od
1150 1254 1180 1312 4.
1211 1290 1214 1295 <

172 1330 248 1392 illud
261 1329 450 1388 memorabile
461 1329 580 1388 usserit:
594 1326 703 1389 Melius
715 1337 787 1389 03304
794 1327 898 1391 habire
908 1351 1024 1413 paucos,
1030 1334 1181 1398 ministros

156 1412 264 1487 Ι40003
277 1458 284 1483 ,
295 1413 385 1491 00400
396 1408 503 1472 multos
516 1408 620 1472 040403.
637 1413 723 1472 Retio
739 1423 816 1473 certe
827 1423 890 1488 est,
905 1418 974 1494 quie
987 1420 1038 1496 qui
1052 1437 1083 1479 se
1096 1420 1180 1498 ingo·

166 1501 216 1561 ·344
227 1500 258 1557 40
273 1515 394 1556 munera
407 1498 523 1575 publiea
537 1541 545 1565 ‚
560 1496 595 1556 04
608 1515 674 1575 quae
690 1515 749 1557 non
765 1507 809 1558 est
824 1498 967 1573 idoneus,
982 1504 1085 1582 repelli
1094 1505 1182 1566 debet

173 1584 263 1645 ctiam
276 1600 343 1641 0040
358 1581 496 1650 infamia,
521 1581 560 1640 ob
582 1581 693 1641 bonum
713 1582 864 1660 publicum
882 1585 997 1663 privato
1020 1588 1180 1665 praeferen-

173 1667 258 1726 dum.
274 1667 307 1724 Et
331 1663 411 1742 quod
432 1665 552 1724 clericus
572 1665 732 1742 indignos,
749 1666 883 1743 quumvis
897 1669 936 1729 ob
947 1670 1061 1731 crimen
1081 1672 1179 1733 occul·

172 1758 256 1819 ium,
271 1750 361 1826 possit
373 1754 403 1808 04
421 1748 525 1808 debent
543 1749 667 1826 repelli,
682 1758 761 1827 putet
775 1767 810 1808 ex
828 1750 909 1812 Trid.
924 1752 975 1812 ubi
990 1754 1024 1814 in
1041 1770 1112 1816 3033.
1127 1757 1177 1817 44.

173 1851 200 1894 0.
215 1834 243 1892 4.
258 1830 293 1891 40
305 1830 370 1912 lies.
382 1832 511 1900 dieitur,
527 1831 608 1911 qodd
617 1833 775 1909 Episcopus
786 1841 880 1906 potest
894 1833 1051 1912 probibere
1063 1837 1179 1911 clerieo,

176 1935 215 1977 no
230 1917 364 1976 ascendut
377 1915 414 1975 ad
426 1916 580 1976 ulteriores
597 1915 735 1974 ordines:
748 1923 779 1975 et
797 1915 920 1976 clericus
942 1925 1060 1978 tenetur
1071 1921 1098 1979 ei
1111 1921 1182 1982 obe·

173 2001 239 2062 dire
252 2043 259 2072 ‚
274 2000 386 2059 etiamsi
396 2016 530 2058 ascensus
541 1997 618 2058 4300
630 1998 750 2074 praelato
761 2016 797 2058 00
808 2015 980 2077 quacunque
993 2017 1084 2061 00000
1092 2002 1180 2064 044004

161 2083 210 2147 'ob
228 2081 370 2145 occultum
391 2083 500 2143 crinuu
520 2079 756 2163 quomodolibet,
784 2083 872 2142 etiam
892 2082 1180 2163 cctrujudicioliter,

174 2167 269 2247 [00444
286 2165 467 2228 interdictus.
485 2170 521 2226 Et
536 2167 675 2236 additor,
691 2165 769 2244 qudd
787 2163 873 2226 00440
890 2174 991 2228 000400
1002 2167 1097 2247 ipsius
1102 2186 1181 2248 proe-

173 2250 230 2314 4044
247 2249 427 2312 0040040400
452 2269 584 2311 concessa
600 2247 719 2310 licentio
742 2267 772 2310 se
788 2249 954 2329 promoueri
977 2248 1135 2330 faciendo,
1152 2254 1182 2314 ei

171 2335 359 2416 suffr-opetum
367 2337 408 2396 Ac
419 2334 726 2406 meximdnotcndnm,
737 2333 817 2412 qood
827 2334 984 2412 Episcopus
992 2352 1052 2394 non
1063 2341 1181 2399 tenetur

162 2439 207 2482 ’00
218 2438 283 2481 casu
303 2419 612 2480 manifestarecausam
623 2437 676 2478 cur
693 2419 815 2497 repellat
828 2418 865 2477 ob
876 2418 1063 2480 ordinatione
1073 2462 1083 2491 ,
1095 2417 1180 2496 juxto

173 2505 383 2567 declarationes
395 2504 425 2562 S.
438 2504 472 2562 C.
486 2503 601 2562 concilii
617 2502 709 2563 editas
728 2502 777 2563 die
791 2503 840 2562 44.
855 2502 953 2562 Martii
966 2521 1036 2563 000.
1051 2504 1138 2564 4645.
1150 2513 1181 2567 04

173 2591 221 2651 440
233 2591 267 2650 44
278 2589 469 2668 Aprilibus,
481 2605 552 2665 quos
561 2605 616 2664 per
624 2595 776 2648 extensum
789 2585 875 2648 offert
887 2588 1059 2649 SumPont.
1068 2588 1178 2652 Bened.

171 2675 263 2737 XIV.
277 2674 310 2733 40
327 2670 376 2734 bb.
390 2671 425 2732 de
444 2672 518 2751 Spu.
533 2667 555 2730 4.
568 2671 598 2731 7.
615 2689 639 2732 0.
660 2672 709 2731 74.
722 2691 753 2732 0.
768 2673 796 2730 4.
806 2670 892 2743 Quod
907 2682 1006 2735 eutem
1022 2673 1180 2753 Episcopus

158 2768 162 2775 '
175 2778 237 2819 non
247 2755 343 2835 soldm
357 2757 449 2834 possit
460 2752 531 2827 ,sed
542 2757 633 2816 etionr
645 2755 750 2816 debeat
761 2756 905 2834 repellere
913 2758 1052 2838 indignos
1058 2802 1068 2833 ,
1080 2776 1180 2835 quome

158 2840 216 2902 'vis
228 2842 371 2912 occultos,
388 2849 489 2917 patens
497 2841 600 2901 300404
606 2842 682 2902 ratio
694 2859 730 2900 ex
740 2841 806 2900 eod.
823 2839 904 2902 Trid.
916 2861 987 2905 3033.
999 2844 1048 2903 45.
1061 2840 1096 2903 dc
1105 2839 1174 2920 Res.

171 2945 197 2987 c.
219 2929 248 2987 5.
262 2926 333 2986 047.
348 2924 399 2984 ubi
421 2925 571 3001 signanter
588 2926 777 3003 precipitur,
799 2933 832 2984 ut
854 2928 1012 3004 Episcopus
1034 2924 1176 2986 ordinans
1250 2921 1253 2926 ⁴

170 3027 263 3070 030003
275 3005 433 3089 'dilipcnter
449 3007 619 3088 irteestr'pet,
635 3017 664 3069 04
675 3008 833 3070 exaestuet.
846 3009 891 3068 Ad
903 3010 976 3086 qoid
989 3009 1080 3085 igitur
1087 3006 1176 3067 debet

172 3093 310 3171 praeletus
334 3108 430 3151 mores
455 3092 629 3152 clericorum
653 3093 879 3168 investigasset
908 3090 1093 3160 examinare,
1120 3087 1177 3148 nisi

59 3182 66 3191 '
169 3186 203 3235 ut
214 3172 336 3253 repellat
349 3176 545 3252 quoslnoverit
558 3175 708 3251 indignos,
728 3191 763 3233 ex
774 3173 826 3233 illo
840 3173 940 3251 Apcst.
954 3172 984 3230 l.
995 3168 1035 3231 ud
1050 3170 1175 3232 7440044.

156 3258 195 3320 ’0.
206 3259 234 3319 5.
245 3259 290 3333 j.
301 3261 350 3320 44.
361 3261 473 3320 Montis
490 3260 546 3319 0444
557 3256 670 3317 0004404
679 3253 870 3336 imposueris,
881 3271 973 3333 neque
983 3253 1179 3314 0000300400-

167 3341 246 3403 00443
258 3340 389 3423 peccatis
402 3339 519 3403 0440043.
537 3341 593 3400 Ubi
607 3339 705 3416 inquit
716 3341 747 3398 S.
759 3339 816 3397 Leo
836 3335 920 3416 epist.
932 3333 1087 3416 404440.
1100 3336 1179 3412 Quid

168 3432 213 3485 034
232 3426 287 3487 0444
301 3440 410 3486 mortue
423 3424 593 3505 imponere,
612 3421 674 3483 uisi
690 3428 759 3482 cute
770 3419 980 3499 experientium
992 3417 1179 3501 discipline?

169 3505 267 3567 Tantd
286 3508 396 3585 magis,
416 3510 486 3585 quic
504 3508 536 3567 in
560 3506 713 3568 ordinibus
738 3504 930 3581 suscipiendis
952 3502 1040 3565 molti
1062 3513 1178 3582 possent

171 3606 235 3650 csse
245 3589 392 3664 40400403,
406 3606 444 3649 ex
460 3589 568 3669 quibos
582 3592 646 3651 sine
663 3589 783 3652 iniamio
796 3595 928 3666 petentes
937 3585 1020 3730 0042ἱὲ4
1036 3594 1175 3665 possunt,
