2562 4166
149 242 207 303 tid
358 237 423 302 iri.
435 241 463 301 d.
479 236 523 300 De
534 226 685 331 preceptis
696 226 936 318 particulariter.

150 354 204 420 per
224 340 387 420 requiritur
410 338 571 413 sententia,
593 336 649 396 etsi
667 352 728 396 non
754 332 895 396 indictiva
917 350 1033 412 pente,
1051 334 1156 400 mitem

150 424 339 485 tedmarum
352 421 495 483 numinis.
504 421 634 498 Utraque
647 418 790 481 sententia
803 425 847 477 est
859 418 929 478 satis
945 418 1119 496 probabitis.
1157 432 1161 439 ’

195 532 209 564 ι
228 511 315 588 Resp.
329 509 361 568 5.
373 507 405 568 Si
424 505 516 584 judex
529 503 638 583 injuste
651 510 822 585 extorqueat
839 516 983 575 munera,
998 505 1102 566 uolens
1112 507 1158 568 ia·
1207 524 1215 542 ¹

151 617 167 647 s
190 609 256 653 aere
272 592 351 671 quod
367 589 480 668 justum
499 598 544 649 est
572 594 603 648 et
623 585 728 659 debet,
748 586 804 646 nisi
827 603 861 644 ea
881 585 1010 658 dentur,
1037 594 1158 650 tenetur

153 702 167 733 n
191 678 346 738 restituere
364 695 373 734 t
395 683 429 736 ut
451 675 559 745 etiam,
581 672 606 733 si
628 670 701 751 quid
720 666 822 731 datum
841 670 881 732 sit
896 670 933 730 ad
953 671 1158 739 redimendam
1267 698 1269 709 ⁴

151 786 165 817 n
190 761 372 822 vexationem
381 803 389 832 ‚
399 775 429 818 v.
439 779 468 838 g.
482 776 520 818 ne
529 755 638 835 injuste
648 757 741 816 iarett
750 754 827 833 parti
839 753 981 828 adversm,
991 774 1030 817 ne
1041 776 1158 821 causam

153 869 167 898 u
189 845 278 905 nimie
289 840 416 905 diderat.
429 844 612 918 Quamquam
628 837 684 900 hoe
694 857 763 899 casu
775 837 924 899 interddm
938 838 1076 917 praesumi
1090 861 1162 921 pos·
1269 880 1270 883 =

154 955 167 983 n
192 930 247 1001 sit,
261 929 392 989 datorem
406 926 558 989 remittere
575 924 782 1004 obligationem
804 919 991 985 restituendi.
1005 925 1116 1011 Lepre.
1133 924 1158 988 l·

153 1038 167 1066 ι
191 1032 215 1075 e.
228 1031 265 1074 ex
276 1011 350 1074 dub.
365 1019 393 1072 et
403 1009 472 1072 fleb.
483 1016 537 1070 ete.
1270 1022 1271 1025 ¹

190 1098 310 1159 Certum
323 1105 368 1157 est
382 1095 492 1174 igitur,
505 1102 535 1153 et
544 1102 701 1154 commune
712 1089 790 1151 inter
802 1090 865 1150 DD.
881 1089 961 1167 qudd
977 1093 1165 1174 quietumque

153 1181 258 1261 recipit
268 1179 378 1258 eliquid
388 1222 397 1249 ‚
407 1186 441 1237 ut
450 1177 551 1250 iaeiet,
561 1185 613 1236 aut
622 1177 738 1236 omittat
747 1172 777 1234 id
790 1172 867 1251 quod
877 1190 912 1234 ex
921 1173 1034 1250 justitia
1046 1178 1162 1252 inem,
1271 1210 1272 1215 η

153 1267 200 1327 rei
214 1266 350 1327 omittere
369 1263 540 1334 tenebatur,
556 1270 705 1339 acceptum
725 1258 879 1319 restituere
889 1258 985 1323 debet,
1002 1250 1044 1324 ite
1055 1262 1089 1324 S.
1103 1263 1162 1326 rt.
1272 1300 1273 1335 p

154 1346 471 1428 remptionem.
486 1358 554 1405 com
569 1342 663 1407 Soim.
676 1343 712 1405 de
724 1348 792 1404 rest.
808 1359 877 1422 nep.
893 1344 922 1403 i.
937 1360 969 1424 p.
987 1345 1017 1405 8.
1035 1364 1069 1406 rr.
1090 1349 1161 1409 1⁷7.
1272 1340 1273 1373 ³

155 1433 222 1495 Dixi
238 1450 274 1493 ee
288 1429 428 1512 justitia,
442 1448 510 1491 nam
529 1429 580 1507 qui
595 1447 655 1489 non
667 1436 785 1489 tenetur
804 1426 841 1487 nd
858 1426 1162 1510 aliquorumdam

155 1516 206 1579 sed
220 1534 257 1576 ex
275 1513 432 1582 charitate,
446 1521 498 1572 aut
511 1514 566 1573 alia
580 1513 710 1585 virtute,
723 1510 798 1573 bend
808 1519 904 1589 potest
912 1529 969 1584 pro
981 1530 1017 1576 eo
1030 1520 1165 1595 pretinm
1273 1494 1274 1553 Ῐ

155 1599 304 1678 recipere,
324 1596 564 1675 quandoquidem
586 1595 666 1673 quod
686 1595 832 1674 promittit
844 1635 853 1667 ,
866 1603 910 1657 est
922 1598 1017 1674 pretio
1034 1603 1165 1662 afim.

43 1744 45 1750 .
156 1683 276 1756 bile‚ut
286 1680 366 1743 reete
377 1687 496 1743 censent
505 1681 568 1740 Set.
583 1681 660 1740 Bere.
670 1681 752 1759 Lupe
763 1675 856 1747 ate.
866 1695 899 1738 rr.
911 1681 959 1740 ti.
970 1682 1165 1758 etqueSelm.
1274 1686 1275 1749 ἶ

155 1764 400 1830 diaeresin
415 1763 472 1844 fin.
489 1773 590 1825 eontra
604 1764 683 1824 Lete.
703 1758 798 1823 Troii.
813 1769 868 1826 ete.
888 1760 932 1827 ὣ.
948 1764 1044 1827 iudex
1053 1767 1160 1845 igitur,

157 1850 209 1930 qui
224 1848 385 1926 exjustitia
402 1850 519 1908 tenetur
528 1847 620 1925 justae
635 1847 713 1907 serre
729 1846 905 1918 sententies,
918 1846 996 1908 eertd
1008 1851 1164 1912 restituere
1275 1880 1276 1911 t

157 1941 275 1997 tenetur
295 1932 423 2013 pretium
435 1940 585 2009 receptum
600 1946 656 2008 pru
670 1925 748 2007 justa
759 1929 902 1989 sententia
915 1930 1033 1993 serenda
1043 1954 1053 2011 ς
1065 1942 1096 1994 et
1106 1933 1166 1997 hoe
1275 1924 1276 1957 ³

157 2015 271 2079 etiamsi
289 2015 450 2093 acceperit,
465 2031 526 2074 non
547 2012 585 2073 ab
605 2029 664 2075 una
681 2028 717 2074 ex
731 2012 864 2089 pertibus
869 2054 880 2087 ,
891 2013 942 2073 sed
955 2014 993 2076 ab
1005 2024 1165 2090 extraneo,

157 2098 229 2179 putd
243 2098 323 2160 illius
342 2098 454 2169 amieo,
468 2096 625 2168 familiari,
645 2104 679 2157 ut
695 2094 794 2157 veritis
814 2096 946 2159 sentiunt
962 2103 1044 2181 'lupe
1061 2100 1094 2162 d.
1112 2105 1164 2164 57.

157 2204 190 2247 rt.
203 2184 270 2245 idi.
283 2186 357 2264 Tap.
366 2180 436 2245 aet.
450 2179 576 2242 etSeim.
585 2179 655 2244 idid.
670 2197 701 2240 o.
714 2180 782 2243 ten.
796 2187 897 2243 eantur
906 2183 969 2245 Set.
978 2184 1165 2247 ammiod.
1276 2186 1277 2191 ’

158 2262 478 2328 mentitionem
496 2262 588 2339 iudex
610 2270 745 2324 teneatur
764 2264 919 2329 restituere
938 2274 1090 2345 acceptum
1107 2286 1163 2348 pro

158 2350 277 2412 serenda
298 2348 405 2427 injusta
421 2346 591 2409 sententiat
606 2344 678 2409 Vide
690 2345 769 2409 dicte
780 2344 802 2407 i.
815 2349 846 2407 d.
859 2366 892 2408 rt.
905 2350 974 2410 tta.
1244 2358 1249 2365 ·

197 2433 254 2495 Sed
274 2431 343 2493 hine
361 2433 523 2510 quaeritur,
536 2429 672 2504 an,ti1m
688 2430 802 2508 justitia
821 2432 972 2515 estodubiu
984 2476 995 2507 ,
1008 2435 1070 2496 sive
1086 2437 1165 2515 peris

160 2514 389 2594 probabditrtis,
404 2515 445 2577 ita
462 2523 498 2576 ut
511 2513 602 2592 judex
616 2515 707 2593 possit
718 2514 795 2577 serre
805 2518 980 2578 sententiam
995 2536 1052 2596 pro
1063 2529 1166 2597 purte,

160 2615 216 2677 pro
228 2612 286 2675 que
298 2599 435 2659 maluerit
448 2597 542 2677 (juxta
554 2599 727 2678 opinionem
743 2599 909 2676 aliquorum
923 2618 996 2678 quos
1010 2603 1166 2664 retulimus

160 2699 193 2741 rt.
205 2682 273 2740 210.
286 2698 315 2740 o.
331 2681 484 2757 Quaeritur
495 2679 612 2758 anteum
628 2698 718 2760 quam
736 2679 807 2743 verit
823 2680 992 2761 opinionem
1008 2691 1042 2745 ut
1059 2685 1166 2764 probr-

159 2763 250 2825 bilem
265 2780 324 2824 uon
337 2762 520 2844 admisimus)
532 2808 540 2834 ,
552 2772 686 2828 teneatur
697 2763 789 2842 judex
799 2767 953 2830 restituere
965 2768 1045 2846 quud
1058 2769 1167 2847 aceepit

160 2847 198 2910 ab
215 2864 274 2907 uua
294 2862 329 2906 ex
349 2846 502 2927 partibus,
518 2855 553 2909 ut
567 2865 623 2928 pro
634 2866 666 2908 ea
677 2849 853 2913 seutentiam
868 2852 1167 2931 proseuettcertum

161 2938 205 2993 est
218 2932 307 2992 talem
326 2932 526 3010 receptionem
544 2950 606 2996 esse
625 2932 758 2994 sslicitum
778 2951 814 2993 ex
826 2952 947 3013 propos.
964 2936 1167 2997 indemnata

162 3012 297 3078 abdier.
313 3017 385 3078 VH.
400 3033 466 3094 quae
482 3015 616 3077 dicebat:
633 3014 757 3093 Quando
774 3008 922 3098 litipnirtee
938 3036 995 3098 pro
1014 3037 1044 3082 se
1061 3016 1169 3080 debent

161 3096 314 3178 opiniones
325 3099 407 3178 epod
417 3096 593 3195 probabiles,
604 3107 698 3180 potest
708 3096 804 3180 judee
810 3101 964 3181 pecuniam
976 3101 1101 3182 desipere
1112 3118 1168 3182 pro

74 3198 77 3201 ·
162 3180 284 3264 smerde
301 3188 466 3257 sententie,
484 3181 519 3242 ire
535 3180 667 3260 foverem
684 3181 776 3243 ouius
790 3178 944 3262 prendo.
1000 3194 1004 3201 ’
1122 3188 1167 3197 ·“

201 3264 259 3327 Sed
271 3264 372 3345 primo
384 3265 530 3326 sententia
543 3272 645 3343 negat
658 3265 855 3344 acceptionem
874 3280 936 3325 esse
955 3265 1114 3329 invalidam
1131 3264 1171 3331 de

160 3348 473 3427 jumentorumque
493 3346 587 3427 judex
606 3346 731 3427 accipit,
751 3356 786 3409 ut
804 3349 889 3409 saciet
909 3346 962 3422 id,
980 3349 1017 3411 ad
1034 3349 1113 3428 quod
1133 3367 1170 3411 ex

162 3430 275 3507 justitia
292 3446 352 3490 non
365 3431 531 3491 tenebatur.
544 3432 588 3491 lta
599 3431 680 3493 teo.
695 3427 747 3492 tit.
763 3431 793 3491 2.
807 3448 833 3492 e.
846 3431 892 3491 tt.
907 3446 941 3492 rt.
955 3432 1005 3493 tt.
1019 3441 1049 3493 et
1067 3432 1171 3511 probae

164 3513 256 3570 bitem
272 3520 378 3572 vocent
397 3509 492 3574 Truii
507 3511 642 3593 Fopmrd.
657 3515 757 3574 stelit
773 3511 840 3575 ideo
850 3513 1006 3591 dieunt,si
1022 3530 1084 3576 uon
1094 3514 1172 3576 adsit

163 3593 424 3668 expertissimis,
439 3612 500 3656 nen
511 3595 613 3657 deberi
624 3597 853 3659 restitutionem.
