2620 4176
124 169 182 229 22⁴
297 166 509 230 hisaltae.
523 168 972 247 t.Desact·cmeutisinpeuere.

118 266 298 350 ,ponetuibua
312 268 441 345 obicem,
453 268 523 347 ergo
536 270 588 346 qui
600 268 710 329 accedit
724 269 760 328 ad
771 278 986 329 sacramentum
994 269 1127 330 vivorum

124 371 192 414 eum
209 353 459 432 attritioneaquoe
472 353 601 414 excludit
619 354 727 431 peccati
741 353 878 412 allectum
903 362 964 413 tam
986 354 1129 414 actualem

125 437 214 514 quim
229 435 408 499 habitualem
420 482 429 509 ‚
440 436 503 514 jam
513 437 627 498 obicem
641 453 701 497 non
712 438 795 514 ponit
805 479 815 507 ,
827 443 858 495 et
869 435 936 496 idad
946 439 1072 514 gratiam
1084 456 1133 496 re·

125 521 217 597 cipit,
233 518 322 582 modb
341 518 447 581 habeat
459 527 563 581 votum
575 520 768 599 paenitentiae.
787 519 822 579 ld
834 518 1027 579 confirmatur
1038 538 1132 581 exem·

125 603 175 682 plo
184 613 322 665 extremas
332 607 503 675 unctionis,
522 607 580 682 qut
590 602 711 663 infirma
724 647 733 676 ,
744 612 778 663 nt
793 604 834 662 ait
844 604 876 664 S.
887 602 1019 664 lacobus
1030 626 1042 663 .·
1053 604 1089 666 Si
1098 604 1131 665 in

122 687 315 769 peceatisat't,
328 687 513 749 remittentur
527 687 573 763 εἰς
589 687 678 747 idest
693 684 739 763 (ut
751 688 841 747 sentit
853 689 894 746 D.
915 685 972 748 tt.
992 689 1023 748 5.
1047 706 1080 767 p.
1099 706 1131 766 q.

126 774 175 832 50.
188 779 248 832 art.
262 771 303 852 1.)
316 773 403 834 datur
416 773 510 833 robur
524 770 663 833 adversus
673 773 801 832 deiectus
815 771 931 831 relictos
950 789 987 831 ex
1009 777 1132 851 pcccatis
1199 774 1203 781 “

125 857 283 935 praeteritis
297 856 373 918 :Sed
384 858 456 936 quia
470 856 588 933 (deinde
598 855 681 916 addit
692 859 723 916 S.
734 854 853 932 Ductor)
868 853 1021 917 lacerabar
1030 859 1132 938 pratia

125 936 217 1017 feet,
236 958 303 1020 quae
316 958 412 1001 aecum
428 958 490 1001 nou
514 941 693 1018 compatitur
704 946 874 1021 peccatum,
891 937 956 999 idad
974 957 1011 998 ec
1031 959 1132 1001 conse·

126 1027 247 1103 quenti,
267 1027 296 1086 ai
313 1025 426 1086 incenit
439 1032 588 1105 peecatum
598 1022 724 1104 alt‘quod
734 1021 780 1083 uel
793 1020 917 1082 mortale
922 1068 932 1099 ,
946 1022 993 1083 uel
997 1023 1130 1098 veniale,

125 1107 225 1186 quoad
239 1105 378 1190 culpam,
398 1105 475 1169 tollit
486 1108 605 1191 ipsum,
620 1107 777 1170 dummodd
788 1125 849 1169 uon
859 1115 994 1189 ponatur
1006 1107 1078 1172 obex
1096 1129 1133 1170 ea

126 1199 213 1277 perte
222 1192 398 1272 recipientia.
501 1224 505 1231 ·

165 1277 336 1338 Notandum
354 1280 394 1339 ll.
415 1277 479 1337 Alia
493 1287 673 1338 sacramenta
700 1277 840 1338 dicuntur
852 1277 1054 1350 transeuntia,
1077 1279 1132 1339 alia

126 1359 376 1435 edumeterc‘ett‘eo,
394 1380 445 1421 scu
456 1361 651 1423 characterem
670 1363 889 1440 imprimentia,
906 1371 939 1422 ut
954 1361 1130 1441 baptismus,

127 1446 332 1518 confirmatio,
346 1455 377 1507 et
388 1446 484 1521 ord03
500 1445 648 1506 character
662 1443 742 1506 enim
754 1455 798 1506 est
818 1446 935 1524 signum
956 1446 1107 1529 spirituale
1121 1491 1131 1520 ,

126 1529 268 1608 perquod
280 1529 369 1591 bomo
382 1531 574 1609 distinguitur
591 1531 628 1590 ab
650 1530 727 1589 aliis.
738 1528 910 1593 Notandum
924 1530 977 1589 lll.
1001 1530 1065 1593 Alia
1088 1549 1133 1593 sa·

126 1622 274 1674 eramenta
285 1624 354 1674 sunt
370 1616 527 1674 necessaria
542 1615 711 1674 necessitate
723 1612 862 1674 meditati
874 1615 998 1675 salutem
1012 1616 1132 1687 ,saltem

127 1700 160 1761 in
170 1699 409 1776 votolmplieito,
423 1708 457 1758 ut
472 1700 653 1776 baptismus,
665 1708 696 1759 et
710 1699 904 1776 poenitentia:
920 1699 975 1758 alia
984 1698 1056 1760 verb
1070 1707 1134 1760 tau·

130 1781 196 1844 tiam
209 1783 376 1843 neomsitate
385 1778 535 1865 proeeepti.'
545 1785 590 1844 dn
603 1793 700 1844 autem
716 1793 931 1843 sacramentum
946 1781 1133 1849 Eucharistiae

128 1871 168 1928 sit
179 1869 372 1929 necessarium
389 1870 558 1930 necessitate
570 1869 659 1928 medii
672 1869 773 1928 saltem
784 1869 915 1928 iuvotot
931 1866 1002 1929 Vide
1017 1866 1052 1928 de
1071 1870 1133 1928 Eu·

128 1949 270 2012 elucidatio
286 1950 370 2030 iusrd
382 1971 414 2013 n.
430 1954 498 2014 492.
525 1953 694 2020 Notandum
720 1953 772 2017 lv.
789 1953 974 2012 Sacramenta
995 1951 1134 2013 dicuntur

127 2034 269 2116 somata,
277 2036 394 2115 quando
406 2038 437 2098 in
449 2039 625 2116 suscipiente
635 2038 767 2097 obtinent
777 2035 912 2097 ellectum
925 2056 1026 2112 suum;
1039 2035 1134 2117 infor-

128 2121 191 2180 mia
202 2130 300 2181 autem
316 2165 324 2194 ,
342 2121 461 2198 quando
483 2131 554 2182 sunt
573 2121 695 2199 quidem
715 2120 832 2191 valida,
848 2120 900 2180 sed
917 2121 981 2180 sine
999 2139 1053 2180 suo
1065 2121 1135 2180 elie·

129 2214 198 2277 ctu,
212 2222 319 2284 nempe
329 2207 354 2266 si
366 2207 433 2284 quis
454 2208 574 2284 suscipit
587 2206 765 2283 baptismum
776 2204 840 2264 sine
851 2205 952 2265 dolore
966 2203 1004 2264 de
1014 2206 1135 2265 actuali-

128 2289 184 2349 bus
197 2289 390 2360 mortalibus,
404 2290 558 2350 recedente
575 2299 674 2349 autem
690 2287 772 2349 obice
784 2289 903 2368 gratim,
920 2300 1135 2349 sacramentum
1231 2284 1236 2291 '⁴

128 2375 228 2435 statim
240 2376 364 2453 gratiam
378 2384 486 2435 causat.
503 2378 565 2436 lloc
579 2385 693 2436 eertum
704 2382 748 2434 est
761 2373 799 2434 de
816 2373 961 2451 baptismo
977 2382 1012 2435 ut
1030 2374 1135 2436 docent

130 2460 327 2519 communiter
335 2460 368 2520 S.
380 2459 434 2521 Tb.
450 2461 479 2519 5.
517 2478 567 2540 sp.
581 2462 631 2520 te.
655 2466 715 2519 ort.
732 2460 782 2518 10.
797 2458 900 2518 Status
921 2455 991 2518 diat.
1007 2460 1037 2518 1.
1055 2477 1086 2540 q.
1103 2459 1134 2518 ll.

130 2562 163 2602 u.
174 2545 205 2603 1.
218 2545 282 2603 et8.
295 2561 332 2606 ec
344 2545 385 2602 D.
398 2546 475 2623 Aup.
488 2478 515 2603 f
523 2548 550 2602 1.
562 2542 597 2605 de
607 2544 686 2625 bapt.
700 2561 725 2603 e.
736 2544 784 2603 ll.
795 2541 845 2601 ubi
856 2542 941 2601 docet
952 2562 960 2598 ε
973 2540 1059 2616 Quod
1068 2542 1137 2603 autb

131 2628 305 2700 detumeat,
320 2624 417 2688 aulem
438 2629 561 2709 incipit,
586 2629 653 2689 edan
676 2625 732 2689 itta
743 2626 824 2707 fictio
841 2626 939 2688 ueraci
958 2625 1136 2707 eortfiessione

129 2709 284 2782 recesserit,
297 2712 381 2770 Coat.
401 2716 514 2772 Toum.
526 2710 562 2772 de
572 2730 633 2773 soe.
646 2713 680 2774 in
693 2730 760 2793 peu.
774 2731 839 2794 cap.
848 2713 879 2772 ἢ.
896 2719 954 2771 art.
968 2713 1000 2786 5,
1022 2720 1090 2773 sect.
1103 2713 1134 2772 5.

130 2791 224 2855 Solea.
237 2792 272 2854 cle
291 2810 418 2854 sacram.
431 2796 464 2854 tu
475 2812 542 2877 peu.
553 2815 579 2866 c.
591 2800 620 2857 b.
630 2816 664 2878 p.
677 2799 706 2858 5.
721 2816 754 2858 a.
769 2798 817 2857 bil.
831 2793 927 2856 etalii
937 2795 1052 2876 passim
1067 2813 1137 2856 cou-

80 2938 82 2942 .
130 2888 178 2940 tro
195 2879 283 2959 vesp.
297 2879 382 2938 Natio
395 2880 464 2955 quia
476 2880 645 2956 'baptismus
671 2889 715 2941 est
732 2880 863 2941 medium
886 2880 1080 2940 necessarium
1098 2879 1135 2943 ad

129 2960 288 3024 delendum
311 2960 460 3041 peccatum
478 2963 641 3042 originale,
663 2965 712 3025 sed
727 2964 795 3027 cum
820 2982 880 3024 non
902 2965 993 3041 possit
1007 2963 1135 3040 amplids

128 3047 237 3125 recipi,
252 3064 349 3125 neque
361 3048 513 3108 actaralitec
532 3064 629 3126 neque
642 3048 673 3116 in
688 3059 758 3111 voto
771 3093 779 3120 ,
792 3048 861 3126 quia
878 3056 979 3107 votum
994 3047 1088 3107 tendit
1098 3049 1136 3111 ad

129 3132 162 3194 id
175 3131 255 3210 quod
271 3140 367 3210 potest
385 3133 497 3211 recipi,
522 3131 592 3211 ergb
611 3152 725 3195 necesse
744 3142 807 3204 est,
830 3141 864 3192 ut
886 3132 982 3193 ablato
997 3132 1136 3192 obicere·

129 3217 261 3277 viviscat.
270 3218 303 3277 ld
312 3218 502 3296 probabiliter
510 3219 873 3285 extenduntcont.l'ouru.
885 3215 992 3278 locuit.
1003 3214 1094 3277 ccccl.
1103 3220 1132 3279 1.

128 3299 201 3360 item
212 3298 322 3362 Palud.
336 3299 418 3383 Syia.
428 3322 477 3384 ap.
491 3301 584 3364 Saltu.
595 3300 617 3364 1.
631 3323 657 3364 e.
672 3322 705 3363 u.
720 3305 769 3364 67.
792 3303 828 3362 ad
842 3310 1019 3362 sacramenta
1034 3301 1137 3361 confir·

127 3386 288 3455 matianis,
309 3395 340 3446 ct
357 3389 490 3462 ordinis,
507 3408 574 3466 quae
596 3390 697 3449 iterari
715 3395 884 3466 nequeunt,
905 3394 937 3446 et
956 3385 1025 3448 ideb
1045 3387 1135 3446 susci-

128 3468 243 3540 pientes
253 3469 322 3527 alibs
336 3481 469 3531 carerent
482 3473 575 3549 gratia
594 3474 792 3533 sacramentali
804 3517 812 3546 ,
824 3471 1057 3532 tam'necessarid
1071 3487 1136 3530 eon·

27 3600 28 3665 ἰ
129 3548 256 3606 firmatis
272 3551 310 3609 ad
326 3552 417 3614 tidem
436 3555 658 3633 profitendam,
685 3566 716 3617 et
738 3556 880 3616 ordinatis
900 3555 938 3618 ad
960 3573 1013 3617 sua
1031 3553 1151 3617 munia·
