2562 4166
182 313 240 378 tto
392 308 500 387 titt.
513 307 969 399 Depreooptieportieuioriioo
1103 377 1107 385 .

181 415 240 489 eit,
263 419 298 476 nt
313 418 382 481 ueto
399 422 577 493 preceptum
598 420 700 494 ponet.
716 414 776 478 Neo
789 415 885 476 obstet
904 412 1014 493 peritus
1037 410 1177 491 olineto,

180 514 251 560 nem
266 498 463 577 respondetur
479 516 548 560 oum
568 498 608 562 P.
626 499 755 571 suarez,
776 496 858 577 quid
880 497 943 569 ibi,
960 495 1030 560 cium
1046 497 1179 577 obligatio

179 580 340 663 pendenti
360 580 511 644 voluntate
529 583 667 662 propriu,
689 580 766 645 luent
785 588 881 661 potest
902 580 1020 643 debitor
1041 582 1122 643 illam
1146 578 1179 643 de

180 680 259 728 noro
271 664 327 726 tihi
341 666 512 746 imponere,
525 674 555 728 et
571 684 631 729 non
651 665 785 731 obstante
803 664 950 729 solutione
965 662 1059 726 debiti
1070 709 1079 739 ,
1089 682 1180 727 rema·

181 746 253 811 ntro
268 748 433 830 obligatum
453 759 484 813 ot
503 748 572 813 erim
587 748 727 829 obligatio
744 748 833 813 officii
855 745 1015 827 pendenti
1034 750 1182 831 voluntate

148 856 151 861 ·
180 833 333 908 Eoelesin,
356 853 418 896 non
439 840 534 915 potest
557 833 681 909 olerious
703 851 769 896 eom
793 832 898 912 oporto
921 833 978 896 eibi
1007 833 1180 911 imponere,

181 925 361 999 quopropter
370 917 443 985 ditm
456 919 538 980 illrm
551 919 672 997 implet,
683 916 788 996 nequit
798 917 874 979 vello
886 913 1096 995 nonimpltre.

219 1001 304 1063 Circe
316 1007 416 1064 entem
436 1000 646 1079 attentionem,
662 997 725 1064 hmo
741 1009 836 1081 potest
851 1017 911 1063 eote
930 1010 1072 1074 externa,
1088 1007 1118 1062 ot
1137 1000 1179 1063 in·

180 1092 284 1145 ternae
298 1086 434 1148 Bntemo
444 1084 585 1163 hahetur,
601 1084 669 1147 mim
689 1102 750 1151 non
766 1084 889 1163 ponitur
905 1085 982 1145 notio
997 1084 1182 1163 incompossi'

181 1165 250 1230 titis
268 1185 338 1231 enm
358 1169 522 1231 attentione
540 1167 696 1239 interiori,
718 1178 752 1230 ut
774 1177 849 1230 osset
866 1164 990 1233 tabulari
1004 1212 1024 1241 „
1036 1170 1178 1240 scribere,

181 1251 294 1315 attento
316 1252 420 1315 oudiro
441 1254 514 1314 rllos
532 1254 706 1331 loquentes,
725 1252 861 1315 celeriter
881 1253 1058 1325 revestire,
1082 1253 1178 1335 magni

181 1335 377 1414 tpplionlione
389 1335 502 1414 eliquirl
517 1354 603 1414 ogere
615 1356 625 1396 ε
639 1335 740 1411 sectis,
752 1337 793 1397 nit
809 1335 897 1399 Groim
915 1332 937 1399 i.
960 1337 991 1397 t.
1011 1355 1044 1397 n.
1056 1334 1141 1399 1556.
1156 1334 1178 1396 si

182 1421 258 1482 notio
271 1438 332 1483 nou
347 1421 443 1499 exigat
454 1439 590 1501 magnum
603 1418 694 1483 enimi
710 1440 832 1495 eurum,
852 1430 884 1485 el
906 1421 984 1485 si'sit
999 1422 1097 1500 eliqua
1109 1418 1178 1485 diffi-

181 1504 273 1565 culter
284 1503 454 1566 attendendi
468 1521 537 1566 eum
553 1506 604 1567 tuli
621 1507 750 1580 notione,
762 1514 858 1586 potest
866 1506 1047 1584 compensari
1059 1523 1113 1584 per
1124 1521 1178 1564 mn-

178 1584 276 1664 Jorem
290 1604 392 1650 eumm
404 1589 584 1650 attendendi.
597 1591 619 1649 ll
633 1588 772 1654 eonverso
788 1588 1023 1658 henimtislnrit,
1036 1590 1089 1669 qui
1102 1587 1177 1668 ponit

181 1671 326 1735 notionem
342 1674 413 1735 sotis
427 1671 644 1753 competibilem
660 1691 729 1736 eum
746 1676 908 1737 attentione
920 1675 1054 1748 interno,
1068 1684 1102 1735 ut
1113 1678 1179 1735 esset

182 1754 349 1832 ambulare,
369 1776 402 1819 so
418 1759 538 1831 lovere,
554 1757 678 1820 induere
696 1777 757 1821 non
767 1758 889 1824 omnino
903 1767 1097 1839 properanter
1108 1755 1177 1838 (otim

181 1841 344 1904 sacerdote
364 1842 427 1905 imo
443 1852 599 1905 teneantur
609 1861 714 1916 omre,
726 1841 799 1905 ditm
815 1860 847 1904 se
864 1845 994 1906 induunt
1006 1843 1094 1905 serris
1105 1844 1177 1905 vesti

181 1922 344 2003 husl'3ltem
355 1928 494 2009 colligere
506 1925 611 1989 herbas
621 1972 630 2000 ,
640 1927 738 2000 floreo,
748 1937 798 1989 eut
810 1945 892 1994 nvos.
907 1929 1056 1989 instruere
1068 1928 1158 1990 locum
1165 1970 1175 2001 ,

180 2014 312 2072 sternere
319 2013 443 2084 leolum,
453 2014 665 2091 pertereraput
675 2013 836 2091 ,respicere
844 2013 965 2081 collem,
977 2011 1176 2086 flumen,ett.;

180 2091 222 2154 ite
235 2097 431 2157 communiter
448 2113 515 2157 eum
525 2097 602 2157 But.
615 2098 727 2157 Bonae.
742 2094 773 2156 d.
785 2098 814 2157 2.
824 2114 859 2178 p.
869 2097 899 2158 2.
913 2094 940 2176 S.
959 2097 989 2158 2.
1000 2112 1034 2156 tt.
1055 2097 1105 2156 tn
1120 2112 1180 2156 root

180 2178 261 2241 Non.
274 2180 365 2242 Soror.
376 2175 506 2240 mitten.
521 2183 605 2242 cont.
620 2182 731 2241 Toum.
744 2178 851 2242 sititor.
861 2198 929 2242 eaor.
939 2186 1007 2246 tect.
1018 2181 1049 2240 6.
1060 2196 1091 2241 o.
1101 2179 1177 2254 Que-

180 2261 300 2325 ritttrl.
315 2265 401 2328 Cotto.
418 2271 439 2324 t.
456 2267 487 2326 2.
496 2281 529 2345 p.
540 2265 608 2326 too.
620 2282 653 2323 n.
665 2265 696 2324 7.
710 2263 798 2324 croix
816 2283 849 2324 n.
864 2266 952 2327 1557.
974 2280 1043 2326 otton
1059 2265 1137 2326 Not.
1153 2266 1178 2320 tt

182 2344 407 2409 mortemon
430 2347 538 2410 Soneio.
557 2349 598 2410 ib.
619 2348 657 2409 de
669 2348 815 2410 similibus
832 2348 1017 2422 notionibus,
1041 2364 1109 2427 qum
1125 2364 1177 2408 non
1216 2400 1218 2403 ,

180 2427 258 2492 finnt
267 2431 353 2493 volde
364 2432 544 2493 iestinnntor.
562 2435 628 2495 Non
642 2433 787 2511 permitiit
796 2441 894 2494 nutem
907 2434 995 2494 Groin
1012 2429 1033 2493 i.
1048 2451 1076 2492 o.
1089 2439 1177 2510 optem

181 2515 327 2583 oolnmum
345 2515 382 2574 od
400 2515 611 2588 scribendum,
629 2516 683 2576 sed
703 2535 763 2578 non
783 2516 933 2579 immerito
954 2517 986 2578 id
1009 2517 1177 2595 permittunt

179 2592 252 2667 uilici.
267 2598 345 2658 Neo.
362 2595 428 2676 Goj.
445 2596 573 2678 etBejo,
586 2602 612 2659 si
623 2601 848 2679 reeimnspossit
859 2601 891 2661 in
902 2599 1078 2663 eoretioire
1093 2608 1177 2660 otten-

180 2679 293 2742 tlonom
308 2696 323 2739 z·
334 2681 414 2742 reete
423 2683 503 2741 enim
514 2683 639 2743 advertit
654 2687 766 2746 Bonae.
778 2681 801 2746 i.
813 2702 840 2747 o.
854 2683 1048 2763 mortalique
1060 2682 1176 2745 notione

180 2773 313 2843 respectu
328 2765 1177 2849 ulioujusfortesuntdistrertivm,respectuolteriusnon·
1210 2789 1212 2793 ¹

180 2849 385 2911 Communiter
399 2858 504 2910 autem.
516 2854 700 2930 permittitur
718 2856 796 2915 inter
824 2853 1009 2916 reoimndum
1026 2854 1123 2916 iacere
1134 2871 1177 2915 ue·
1212 2889 1216 2918 t

180 2933 300 2994 cessarie
315 2932 455 3012 orl-ipsam
468 2936 668 2997 reoitntionem
680 2983 688 3008 ,
699 2947 733 2999 ut
746 2938 917 3018 perquirere
930 2938 1076 3018 psalmos,
1091 2938 1177 2999 lertio·
1214 2962 1216 3004 ς

180 3018 250 3091 nos,
265 3023 321 3079 ete.
334 3015 407 3081 dirm
424 3023 529 3080 recitas
544 3021 738 3094 memoriter,
753 3031 789 3083 ut
803 3020 893 3082 croix
906 3019 927 3083 i.
941 3041 967 3082 o.
987 3039 1055 3082 oum
1076 3019 1174 3083 Sonti.

179 3102 261 3163 Noo.
277 3099 359 3184 Spio.
377 3110 407 3166 tt
425 3102 498 3167 Get.
510 3103 558 3166 Sie
571 3107 682 3183 pariter
700 3107 855 3179 satisfacio,
868 3108 895 3168 sl
909 3107 1033 3180 recites,
1046 3105 1120 3169 duim
1133 3105 1175 3166 olii

176 3185 372 3260 moriantur,
391 3196 512 3261 renunt,
526 3197 596 3258 ete„
610 3188 699 3251 modo
710 3187 756 3250 his
772 3189 996 3252 semianimum
1013 3209 1076 3252 non
1091 3189 1176 3268 oppii-

178 3276 244 3342 e'es,
260 3278 295 3333 ul
315 3270 357 3331 nil
371 3268 461 3357 §roim
480 3288 511 3332 tt.
532 3273 620 3333 1558.
641 3272 715 3333 Item
735 3283 839 3335 notant
860 3276 967 3346 Soter,
987 3274 1069 3335 Nou.
1092 3271 1175 3336 Tolet,

185 3349 252 3417 Vtri.
269 3354 393 3432 Diona,
406 3363 436 3417 oi
457 3355 531 3419 ooo.
553 3355 635 3438 opud
657 3356 789 3420 eumdem
805 3358 895 3420 Crot'm
907 3378 940 3419 η.
957 3360 1042 3420 1559.
1061 3358 1138 3437 quod
1153 3357 1175 3418 si

181 3442 315 3498 exerrent
334 3439 463 3515 oliquom
491 3439 637 3503 ortionem
653 3451 822 3517 externam,
839 3452 870 3505 et
892 3461 953 3506 non
973 3442 1108 3504 advertus
1128 3456 1175 3523 por

178 3515 262 3577 rilem
281 3519 419 3596 impediri
439 3522 606 3598 internam,
622 3542 684 3586 uon
699 3526 808 3589 teneris
827 3535 926 3606 posteo
943 3536 1103 3611 repetere:
1125 3524 1175 3588 hoo

179 3598 282 3689 tomen
299 3599 545 3679 intelligendum,
562 3609 589 3666 si
610 3610 685 3671 notio
708 3610 746 3670 de
766 3627 798 3671 oe
824 3611 864 3672 sit
884 3612 1097 3692 ‘compossibilio
1114 3628 1175 3671 oum

181 3681 342 3736 attentione
361 3682 486 3744 iuterna.
512 3688 653 3750 Praeterea
671 3701 774 3755 notant
787 3691 901 3756 Patous
916 3693 946 3757 d.
965 3697 995 3757 2.
1006 3711 1041 3776 p.
1056 3696 1087 3756 1.
1107 3713 1134 3754 tt.
1146 3693 1173 3752 1.
