2620 4176
249 203 325 283 Cap.
342 203 371 263 1.
382 205 429 264 Do
441 209 692 267 uoturoaocrom.
706 203 839 289 ecculm.
850 209 930 273 Duo.
947 213 978 272 l.
1060 215 1114 277 att

110 305 127 354 o
143 305 213 368 Ques
227 301 285 355 olio
296 303 485 358 excludamur
497 305 517 358 oi
529 306 640 360 ratione
651 298 829 360 sacramenti.

109 374 233 428 ortam
243 377 371 429 notando
383 376 460 431 circo
470 384 657 434 sucronem.
676 382 712 433 Et
731 379 929 448 quotupliciter
940 390 1115 437 sacramento

174 447 414 515 distinqucntm?
471 460 474 465 '
727 454 730 461 '

108 520 123 570 't
137 522 367 576 laccorumeato
378 528 493 577 cousmt
505 524 629 592 qratiam
638 494 768 593 poema,
780 524 823 582 oet
831 525 1002 582 moraliter?
1016 574 1019 579 .

143 750 225 808 1.-
248 774 262 801 ι
283 685 396 811 Raso.
409 749 460 808 Est
478 766 525 810 ros
549 750 713 826 sensibilis,
733 759 805 831 qum'
818 770 854 813 cx
878 751 975 814 stabili
992 753 1113 815 institu-

105 855 120 884 ι
142 831 227 893 tione
247 830 358 894 Christi
371 834 432 892 vim
449 832 538 894 habet
547 836 707 896 sanctitatis
719 881 728 907 ‚
740 838 802 897 sive
812 835 1113 917 gratiajustificantis

106 936 120 965 ι
142 915 325 990 efficienda,
342 924 372 977 ct
388 934 441 995 per
454 936 634 998 consequens
648 919 857 999 significandae.

494 1114 574 1178 lloclc
585 1115 724 1180 resolvat:

141 1327 156 1356 ι
176 1300 271 1363 1.1(1
290 1302 446 1363 mentium
465 1304 639 1363 sacramenti
661 1304 773 1383 requiri
795 1307 852 1368 tria
876 1328 884 1366 =
907 1312 937 1370 1.
952 1311 991 1372 Ut
1012 1310 1052 1372 sit
1066 1311 1108 1372 si-

100 1412 114 1441 »
135 1396 231 1466 gnum
251 1387 367 1447 stabile.
388 1389 418 1447 2.
444 1388 482 1446 Ut
502 1386 646 1465 significet
669 1406 768 1450 veram
797 1394 992 1455 sanctitatem.
1017 1397 1046 1455 ὅ.
1068 1396 1108 1455 Ut

101 1498 114 1527 ,ι
136 1473 275 1534 camdem
287 1471 393 1532 efficiat
407 1489 444 1532 ex
461 1489 549 1549 opere
564 1482 703 1551 operato,
718 1475 749 1535 11
761 1485 804 1536 cst
814 1496 868 1537 usu
883 1497 955 1552 suo,
969 1488 999 1540 et
1011 1481 1108 1558 appli-

99 1584 113 1611 η
134 1559 253 1619 catione
269 1600 278 1628 ‚
292 1573 346 1634 per
361 1556 511 1634 propriam
522 1556 692 1628 efficaciam,
708 1568 738 1620 et
757 1578 817 1620 non
830 1573 866 1621 ex
885 1580 973 1640 opere
983 1582 1107 1642 operan-

99 1667 112 1696 »ι
133 1642 192 1714 tis,
218 1642 282 1700 sive
295 1658 349 1718 per
365 1649 480 1712 actum,
501 1649 552 1701 aut
575 1641 796 1720 dispositionem
821 1647 1032 1719 ministrantis,
1057 1648 1105 1708 vel

97 1752 111 1781 a
132 1725 343 1803 suscipientis:
360 1741 426 1802 qua
437 1767 446 1796 ‚
458 1725 513 1785 etsi
525 1725 561 1784 ad
582 1725 718 1786 ellectum
734 1731 907 1790 sacramenti
921 1733 1104 1812 requiratur,

96 1834 111 1865 u
133 1827 195 1893 non
212 1818 312 1868 tamen
330 1815 476 1880 attonso,
493 1808 588 1869 sedat
603 1810 732 1871 conditio
744 1812 807 1872 sine
820 1831 878 1890 qua
894 1833 965 1876 uon.

133 1901 319 1979 2-Mogis
335 1899 409 1959 mihi
427 1900 538 1961 arridet
554 1903 739 1964 communior
757 1904 914 1978 delinitio,
933 1926 1022 1984 quam
1041 1919 1102 1971 tra·

96 1986 171 2048 dunt
193 1986 247 2046 alii
261 1985 298 2045 de
311 1995 509 2045 sacramento:
523 1987 578 2046 Est
595 1985 714 2064 cipetum
726 1984 877 2063 sensibile,
888 2006 1005 2050 accrum
1017 2011 1103 2072 ‚per-

95 2088 239 2141 mcmns‚
254 2068 405 2131 interioria
423 2071 548 2152 proiice.
561 2069 763 2131 institutum&
777 2068 892 2131 Christo
905 2072 946 2133 ull
967 2084 1102 2137 nostram

95 2154 368 2237 sanctificationem.
391 2157 428 2214 lit
449 2153 512 2214 laoec
539 2153 673 2216 delinitio
697 2153 790 2231 magis
808 2157 942 2231 congruit
969 2156 1102 2220 l'rideut.

93 2256 162 2302 otoo.
177 2241 230 2300 15.
248 2256 274 2298 o.
291 2240 321 2298 5.
334 2238 386 2298 ubi
399 2247 616 2299 sacramentum
640 2239 681 2298 sic
694 2237 836 2297 delinitur
851 2235 1043 2316 :Symbolum
1060 2244 1104 2302 rei

93 2343 204 2399 sccroe,
220 2319 420 2383 etinoioibilio
436 2324 544 2403 qratia
554 2317 679 2382 visibilia
688 2319 799 2403 formo.
814 2321 931 2382 Dicitur
940 2322 1104 2401 symbolum

93 2410 151 2473 aloe
159 2411 282 2489 se‘qnum
291 2449 300 2479 ‚
308 2406 440 2484 quiahoc
450 2407 642 2467 essentialiter
650 2404 821 2484 pertinctad
829 2417 1055 2484 sacramentum,
1068 2422 1103 2474 ut

93 2495 130 2554 sit
141 2495 261 2572 siguum
274 2489 360 2551 nobis
367 2490 510 2550 denotans
521 2492 646 2568 gratiam
655 2488 883 2550 sanctificantem
890 2491 1103 2558 animumsta-

92 2576 188 2649 sibile,
201 2577 231 2636 id
239 2582 284 2635 cst
292 2574 425 2635 sensibus
434 2583 546 2652 patens.
555 2576 678 2635 Sacrum
688 2619 696 2644 ‚
708 2573 738 2633 id
750 2582 867 2635 osteum
877 2584 942 2636 actu
954 2577 1100 2656 religioso.

93 2664 296 2731 romonem,
310 2656 441 2736 quandiu
459 2659 548 2719 durat
563 2668 661 2719 nostra
672 2658 785 2735 religio.
806 2658 960 2722 Interiores
970 2666 1097 2744 qratiae,
1145 2676 1149 2685 '

93 2745 232 2822 quiahoc
249 2751 294 2804 cst
304 2743 456 2803 essentiale
468 2743 550 2804 omni
572 2751 753 2803 sacramento
768 2784 777 2813 ‚
790 2743 913 2820 gratiam
924 2746 1099 2823 significare.

92 2829 284 2901 lmtitutum,
301 2827 389 2904 quia,
413 2825 483 2886 ciam
494 2835 709 2887 sacramentum
719 2826 758 2886 sit
766 2827 884 2904 signum
895 2830 1097 2907 arbitrarium,

92 2928 152 2973 non
167 2919 265 2991 posset
279 2909 539 2973 sanctificationem
558 2910 693 2982 efficere,
719 2927 816 2988 neque
834 2913 1015 2989 siguificare,
1040 2918 1098 2977 nisi

91 3012 126 3056 cx
137 2996 324 3056 institutione
332 2993 444 3055 divium
458 2994 484 3054 A
503 2993 618 3057 Christo
632 2997 662 3056 1.
675 2995 712 3056 ad
725 2994 923 3056 differentiam
933 3016 1100 3060 sacramen«

90 3079 215 3156 talium,
234 3088 269 3140 ut
290 3087 335 3140 cst
350 3096 421 3140 usus
444 3096 528 3156 aqua
548 3079 728 3151 benedictn,
748 3078 832 3158 panis
854 3079 1018 3153 benedicti,
1038 3091 1096 3144 etc.

89 3180 156 3240 qum
169 3181 230 3225 non
242 3161 260 3222 i
271 3164 346 3231 Deo,
359 3161 411 3222 scd
424 3162 462 3221 ab
470 3163 595 3224 Ecclesia
605 3164 740 3225 instituta
753 3169 823 3222 cunt
833 3171 881 3232 ‚et
891 3163 921 3222 vi
931 3165 1097 3224 orationum

90 3247 226 3306 Ecclesiae
248 3247 376 3306 excitant
396 3247 462 3324 pios
494 3255 593 3308 motus
618 3248 652 3306 in
683 3248 800 3316 anima,
830 3243 938 3319 quibus
961 3256 1098 3307 movetur

89 3329 169 3388 Dcus
178 3329 214 3388 ad
227 3337 325 3407 postca
342 3339 457 3408 peccata
475 3329 665 3390 remittenda:
675 3328 790 3388 Dicitur
803 3327 835 3387 2.
852 3325 1012 3401 delectato,
1026 3331 1096 3408 quia

88 3410 159 3474 licet
171 3411 285 3475 Hubert
299 3414 563 3475 dicatsacramenta
579 3409 696 3473 tantiam
707 3409 725 3471 1
738 3413 799 3473 Deo
818 3408 1019 3488 principaliter
1034 3432 1096 3475 osso

88 3493 248 3570 instituta,
273 3514 335 3556 non
354 3506 454 3558 autem
469 3497 487 3557 1
506 3496 623 3559 Christo
638 3503 674 3555 ut
685 3493 825 3574 homine,
842 3493 898 3554 nisi
920 3504 1060 3574 tauquam
1078 3497 1096 3560 1

89 3594 175 3639 cansa
195 3580 320 3651 morali,
335 3590 367 3643 ct
379 3582 599 3645 instrumentoli
610 3624 620 3656 ‚
633 3578 703 3643 cum
720 3580 800 3644 solus
812 3582 890 3643 Dous
904 3583 1035 3658 potuerit
1048 3600 1095 3645 sa·

877 3668 938 3725 lt..
