2602 4198
395 277 489 340 ludeo
504 277 633 360 cupitum
647 285 675 340 et
687 276 850 342 dubiorum.
1065 280 1123 341 tus

447 576 451 579 Ι
486 486 693 548 sumemus
713 487 752 547 11.

124 685 238 761 Quanta
250 684 290 749 sit
301 681 363 747 hoec
375 683 522 764 obligatio.
999 703 1069 768 pop.
1086 686 1123 746 75

123 853 189 914 115
203 854 276 930 Quce
282 849 369 933 euripo
375 852 415 914 sit
422 848 551 913 omittere
558 848 685 934 officium
690 897 700 929 ‚
709 849 756 913 oei
763 858 875 931 portem
882 851 946 933 ejus
955 851 1122 915 notabilem.

122 937 181 997 tet
202 939 276 1011 Quor
294 938 335 997 sit
347 953 443 1014 perso
459 937 587 996 materie
603 936 637 996 in
657 933 812 997 omissione
828 932 929 1016 offleii.
1106 990 1111 1005 ,

123 1020 182 1080 118
201 1023 251 1078 An
270 1018 388 1081 omissio
403 1021 557 1080 Horarum
570 1023 612 1080 sit
626 1037 742 1090 unum,
756 1014 802 1079 oei
814 1015 904 1099 pluro
914 1027 1044 1100 peceato.
1105 1066 1109 1071 .

123 1103 181 1164 ms
202 1103 279 1178 Quot
293 1108 410 1182 peceato
421 1101 590 1184 committit,
611 1102 665 1184 qui
683 1099 810 1182 officium
827 1100 954 1163 inmore
967 1102 1125 1185 projiciens
1219 1140 1223 1144 -

238 1183 371 1247 redditur
390 1185 533 1268 impotens
551 1185 591 1248 od
607 1183 805 1246 enodandum.
1162 1203 1164 1209 ·

122 1269 182 1330 150
203 1267 308 1329 Uirium
317 1267 473 1341 dubitans,
484 1289 525 1328 on
535 1267 651 1347 aliquid
656 1267 801 1341 omiserit,
813 1275 945 1328 teneatur
952 1266 984 1329 id
993 1268 1122 1331 recitare.

122 1350 176 1412 151
201 1349 324 1427 Quando
339 1350 517 1431 beneficiarii
533 1349 665 1432 officium<
681 1352 841 1412 omittentes
861 1359 1019 1427 teneantur
1040 1353 1125 1414 rusti·

237 1441 316 1495 tuere
333 1433 459 1515 [mutus.

41 1581 46 1587 ⁴
122 1515 180 1575 152
201 1515 313 1590 Quibus
326 1519 367 1580 sit
384 1516 562 1600 oppiieoudu
586 1515 739 1597 fruetuum
758 1515 916 1578 restitutio.

122 1599 180 1660 155
201 1598 325 1675 Quando
340 1600 435 1682 possit
449 1601 651 1683 beneficiarius
661 1603 681 1662 d
692 1599 873 1663 restitutione
887 1602 1025 1668 excusari
1038 1597 1123 1666 titulo

234 1684 521 1768 pecuniaeeepeusoe.

483 1902 689 1966 sumemus
704 1907 758 1966 111.

121 2087 192 2160 Quoe
206 2086 377 2150 excusenti
394 2087 567 2152 recitatione
584 2089 742 2152 Horarum.
789 2114 793 2123 ·
865 2083 909 2102 “’
999 2108 1069 2175 pop.
1083 2091 1123 2157 85

121 2268 179 2329 151
199 2268 349 2344 Quomodo
369 2280 484 2334 emuset
502 2272 670 2335 infirmius.
683 2274 754 2337 Not.
774 2275 803 2336 1.
822 2276 870 2337 An
892 2282 1006 2338 recuset
1021 2275 1122 2356 pronis

77 2361 80 2365 ’
235 2352 378 2417 modestia.
392 2359 464 2418 Not.
478 2359 523 2416 11.
539 2363 587 2418 Au
603 2367 717 2419 excuset
730 2360 966 2423 convalescentia.
976 2361 1045 2420 Not.
1059 2362 1120 2420 ΙΙΙ.

236 2437 316 2516 Quid
328 2439 362 2500 in
376 2437 481 2515 dubio,
498 2459 540 2500 ou
553 2440 713 2520 iufirmitas
724 2440 852 2523 sufficiet
862 2443 903 2504 od
911 2443 1121 2509 eneusdndun.

234 2523 307 2583 Not.
319 2524 339 2585 1
344 2525 379 2586 V.
399 2520 478 2598 Quid
493 2523 522 2583 si
536 2523 665 2601 dubites,
681 2543 722 2585 un
737 2525 833 2607 possis
854 2528 975 2589 reoitore
993 2535 1120 2608 portem.
1207 2556 1210 2560 ·

46 2633 49 2638 ·
120 2604 177 2665 155
194 2604 243 2665 An
254 2606 427 2667 eurusentur
440 2603 606 2668 laborantes
620 2606 698 2687 febri
713 2609 861 2686 tertiond,
878 2607 924 2670 osi
939 2615 1102 2691 quartani.

120 2687 177 2748 156
199 2687 349 2764 Quomodo
358 2696 475 2751 eueuset
479 2688 593 2766 justum
604 2691 910 2771 impedimentum&
918 2712 959 2754 on
968 2692 1031 2757 ided
1040 2711 1122 2756 euru·

232 2780 335 2915 ξθηιῖν
344 2774 574 2849 concionatores,
585 2773 771 2861 ooufhssumi,
780 2784 946 2858 peropeutes
957 2778 1118 2840 necessaria

232 2872 293 2916 eno
314 2873 376 2918 oro.

118 2937 174 2998 157
197 2936 345 3013 Quomodo
358 2947 473 3001 excuset
484 2941 620 3014 suscites,
638 2950 668 3002 ot
684 2945 811 3004 carentis
825 2944 975 3005 Breviorii.

119 3020 177 3081 158
196 3024 246 3083 Au
266 3021 410 3102 impotens
430 3024 551 3085 recitare
572 3032 664 3084 totum
681 3023 810 3106 officium
836 3034 967 3088 teneatur
989 3025 1030 3087 ad
1049 3045 1121 3107 pur·

235 3114 302 3166 tem.
315 3105 409 3185 Quid,
423 3105 452 3168 si
466 3116 527 3168 uon
540 3105 646 3168 habeus
657 3105 785 3188 officium
791 3109 1014 3251 propriumein
1024 3117 1120 3171 tenea-

233 3189 276 3250 ris
290 3191 410 3250 reeitore
420 3208 487 3250 eum
497 3189 590 3262 sorio,
601 3191 629 3250 si
640 3190 744 3268 nequis
758 3209 789 3252 so
802 3209 848 3253 ns.
859 3194 906 3254 An
919 3190 1119 3272 beneficiarius

233 3276 366 3333 teneatur
374 3271 528 3334 conducere
539 3270 666 3352 socium,
676 3272 705 3335 si
712 3290 772 3338 nou
784 3276 880 3356 possit
892 3275 972 3340 solus
986 3278 1117 3339 rediture.

117 3352 176 3417 159
197 3353 347 3430 Quomodo
361 3365 476 3418 eueuset
491 3357 679 3436 dispensatio.
