2576 4168
155 173 194 233 20
370 164 944 247 Lib.bliopraecaptispcrticaloridun

155 269 286 343 accidens
301 286 332 329 se
344 267 448 339 habet,
462 263 542 343 qudd
559 266 621 343 ipse
638 275 785 342 acceptet,
797 267 843 326 vel
856 267 1028 347 nomicum
1039 271 1116 334 dicta
1130 275 1165 337 in

154 353 244 419 simili
259 371 324 412 casn
334 350 355 412 l.
365 353 394 410 4.
402 370 433 410 n.
445 350 512 410 lii.
524 366 616 427 qnaer.
625 350 688 409 aa.
699 348 755 410 Sed
761 348 1097 417 admisso..PrentenIm
1108 356 1166 434 (ait

46 428 51 438 ¹
155 433 292 514 833313),
314 437 338 496 si
356 445 439 513 pater
459 441 489 494 et
506 440 662 493 extranens
685 434 794 495 sintin
817 443 948 495 extrema
969 440 1163 514 necessitate,

155 532 309 581 extranens
329 518 498 596 recipiendo
519 534 625 591 panem
640 515 657 575 i
674 516 736 581 lilio
749 562 757 591 ‚
772 517 841 581 lieet
855 518 935 581 illins
945 533 1044 598 peccet
1055 542 1165 601 panem

156 607 182 664 ci
201 603 378 682 prebendo,
398 604 460 681 ipsa
476 611 574 673 tamen
594 619 655 672 non
668 610 765 679 peccat
780 602 957 681 acceptando
972 606 1036 664 :ita
1049 607 1083 667 in‘
1093 627 1164 673 cren

156 700 266 749 nostro.
283 688 367 749 Ratio
387 692 485 746 antem
499 704 553 745 cur
569 684 729 763 istcneqne
742 695 859 751 tenetur
874 685 911 749 ad
923 689 1141 750 restitutionem
1153 734 1164 764 ,

155 781 213 845 est,
226 773 295 850 qnia
313 770 381 831 crim
395 768 571 830 beneficium
590 767 654 844 jam
676 778 720 829 est
735 769 762 830 ei
780 771 918 835 collatum
930 814 939 841 ,
953 773 1026 833 alter
1043 772 1166 851 dignior

155 858 270 928 nullum
283 854 332 932 jus
346 852 471 932 amplius
486 852 527 925 ad,
543 851 617 911 illud
630 851 717 912 habet
730 898 738 923 ,
752 852 788 914 ed
801 852 886 933 qudd
897 854 1006 916 desinit
1025 865 1095 918 tune
1110 857 1165 918 b'e-

156 940 295 1000 neficium
315 956 378 1000 esse
395 939 474 997 inter
496 936 572 997 hona
596 937 780 1013 communia3
802 947 911 1015 prout,
934 940 958 999 si
977 958 1024 1000 res
1047 938 1165 1003 duobus

155 1025 296 1095 vendita,
318 1021 451 1082 tradatur
469 1019 597 1080 secundo
618 1023 764 1097 emptori,
787 1039 848 1082 non
873 1031 991 1085 tenetur
1018 1025 1073 1083 iste
1095 1042 1163 1085 rem

156 1108 284 1187 emptam
297 1108 393 1185 primo
408 1104 534 1182 emptori
548 1103 703 1164 restituere
716 1149 724 1173 ,
739 1103 808 1167 edm
825 1123 879 1183 per.
894 1106 1081 1168 traditionem
1092 1107 1165 1168 ade·

155 1200 223 1270 ptus
236 1193 274 1252 sit
291 1190 369 1250 illius
385 1187 572 1262 dominium,
593 1196 623 1247 et
640 1188 802 1249 extinctum
822 1189 859 1249 sit
876 1188 982 1266 jusad
995 1209 1060 1250 rein
1070 1192 1164 1269 primi

155 1277 307 1353 emptoris.
321 1272 511 1334 licitantem
526 1273 557 1330 in
579 1280 679 1332 nostro
695 1291 760 1333 casn
779 1274 953 1335 concedatur
968 1274 1096 1352 digniori
1109 1294 1165 1354 ap-

155 1360 292 1436 pellatio,
306 1358 422 1427 collatio
436 1366 535 1416 tamen
551 1355 582 1414 in
599 1363 732 1433 ,utroque
744 1358 808 1417 soro
827 1359 922 1421 valida
936 1369 980 1423 est
991 1403 999 1429 ,
1011 1369 1040 1418 ct
1053 1359 1165 1420 electus

156 1463 215 1503 non
230 1452 324 1522 potest
336 1442 353 1503 a
367 1441 507 1511 banelioie
528 1441 668 1518 acquisito
685 1441 832 1514 amoveri,
843 1443 898 1503 nisi
921 1462 973 1521 per
986 1445 1163 1505 sententiam

152 1527 260 1603 judicis
272 1528 388 1590 collatio
402 1524 594 1596 invalidotur,
611 1533 644 1593 nt
656 1524 787 1593 diximus
795 1545 828 1586 n.
843 1529 910 1591 tot.
927 1530 964 1589 Et
976 1527 1039 1588 hee
1050 1536 1164 1589 senten·

157 1613 196 1673 tia
209 1612 282 1673 mihi
296 1611 482 1692 probabilior
495 1610 632 1685 videtnrg
652 1610 745 1697 tanld,
760 1614 868 1691 magis,
883 1615 952 1692 quia
970 1615 1166 1691 sieutdignus

156 1698 265 1757 clectus
281 1706 376 1776 potest
388 1695 468 1756 licite
478 1695 654 1757 beneficium
668 1704 788 1773 patero,
805 1696 887 1773 juxta
905 1698 981 1761 dieta
1005 1701 1036 1758 in
1055 1717 1166 1776 prece-

155 1782 236 1840 dcnti
255 1781 367 1857 dnbio;
389 1781 430 1840 sic
448 1781 537 1839 ctiam
556 1787 649 1856 potest
670 1789 836 1857 acceptare3
858 1781 893 1842 ed
911 1781 990 1860 qndd
1008 1790 1164 1859 nunqnam

156 1874 328 1942 potestesse
346 1875 441 1925 certus
461 1862 645 1924 collationem
660 1863 917 1947 luissoinjnstanr.
933 1865 1009 1927 llice
1031 1867 1069 1925 ait
1090 1885 1164 1943 pro-

154 1950 292 2019 babiliter
305 1952 422 2011 Lessins
434 1947 466 2008 d.
479 1968 511 2010 n.
527 1950 576 2008 70.
594 1947 673 2026 qood
694 1949 718 2008 si
738 1950 818 2009 certe
828 1951 975 2012 existimes
987 1951 1164 2029 Episcopum

155 2051 214 2092 non
231 2033 365 2110 judicio,
378 2033 429 2093 sed
445 2032 544 2093 lavore
564 2040 594 2091 te
611 2032 792 2110 prandisse,
805 2031 862 2093 boe
876 2034 930 2094 tibi
953 2052 1013 2095 non
1033 2033 1164 2111 imputa-

154 2116 253 2188 bitur,
267 2119 291 2177 si
308 2116 483 2177 beneficium
497 2115 552 2175 tibi
569 2133 630 2175 non
651 2114 819 2175 sollicitanti
838 2117 928 2177 luerit
948 2117 1099 2187 oblatum,
1112 2117 1161 2176 vel

154 2203 178 2260 si
198 2201 354 2273 bonafide
374 2199 555 2275 sollicitasti3
579 2198 696 2261 videtur
716 2200 796 2261 enim
814 2202 938 2263 Ecclesia
957 2209 1034 2263 ratas
1050 2199 1163 2262 habere

154 2283 205 2343 has
219 2286 386 2347 collationes
396 2284 428 2355 in
442 2283 573 2349 savorem
583 2284 842 2357 concurrentium,
856 2304 894 2346 ne
906 2286 961 2363 ipsi
975 2284 1082 2347 deinde
1093 2303 1165 2362 per-

155 2367 244 2443 pctud
259 2369 405 2446 scrupulis
423 2377 587 2446 angantur,
601 2376 635 2435 ut
652 2369 770 2433 ‚eruitur
789 2385 825 2429 ex
850 2367 933 2431 Trio.
953 2368 1073 2429 secet
1089 2388 1112 2429 3.
1128 2370 1160 2430 5.

154 2450 188 2511 de
201 2449 268 2531 Ref.
283 2453 333 2511 nbi
347 2454 517 2530 praecipitur
533 2449 674 2511 beneficia
695 2452 828 2511 conterre
841 2448 956 2531 depicto,
971 2449 1060 2513 aliter
1077 2451 1163 2531 farta

153 2532 269 2596 collatio
290 2534 410 2595 emctind
430 2536 574 2595 irritetur.
588 2537 665 2611 Ergo
684 2536 851 2594 collationes
865 2537 962 2612 dignis
979 2537 1085 2607 saetas,
1103 2555 1162 2613 pro

154 2618 378 2696 assumptisjam
394 2627 470 2691 ratas
487 2617 587 2677 habet.
600 2617 829 2681 Caetcrnmhcne
841 2620 882 2679 ait
893 2618 1001 2681 Snnele.
1017 2615 1114 2679 Lem.
1129 2621 1159 2680 5.

154 2702 233 2778 qndd
247 2701 439 2763 comanecniler
452 2699 629 2782 oppositores
641 2711 817 2761 excusantur
833 2701 849 2761 b
866 2712 1002 2780 peccato,
1017 2704 1085 2779 qnia
1097 2704 1163 2762 nul·

153 2784 200 2843 lus
218 2804 249 2845 se
270 2794 388 2862 reputat
403 2783 500 2846 minius
517 2785 657 2862 dignum,
675 2794 704 2843 et
718 2784 795 2844 boni
815 2785 874 2845 lide
892 2786 1060 2847 existimare
1069 2786 1161 2863 valet,

154 2866 232 2945 qndd
247 2869 271 2929 si
283 2870 357 2929 alius
368 2869 479 2930 excedit
493 2870 524 2927 in
535 2886 595 2928 uno
605 2911 614 2939 ,
625 2869 687 2943 ipse
697 2868 815 2928 excedat
824 2869 855 2927 in
866 2870 933 2928 alio.

192 2954 258 3010 tlt.
273 2985 310 2997 -
328 2953 427 3025 Qnaer.
448 2953 526 3012 Vlll.
549 2952 594 3011 An
618 2952 831 3013 examinatores
848 2962 1003 3014 tencantur
1016 2955 1162 3033 Episcopo

78 3035 87 3048 ‘
152 3033 327 3095 denuntiare
341 3036 512 3114 digniores?
596 3056 599 3062 ·

189 3119 296 3178 Primo
312 3121 456 3181 sententio
475 3128 648 3198 negat-cnm
667 3123 750 3201 lngo
768 3119 800 3182 d.
815 3123 863 3182 55.
888 3142 921 3182 n.
945 3125 993 3184 66.
1013 3119 1117 3183 Pati.
1132 3140 1160 3181 e.

151 3202 179 3282 S.
194 3208 223 3264 4.
236 3224 266 3263 n.
286 3206 314 3264 9.
329 3207 417 3266 Croie
427 3203 450 3265 l.
465 3208 495 3264 4.
507 3224 539 3264 n.
554 3207 623 3266 626.
637 3213 666 3265 et
687 3205 776 3266 Borb.
793 3208 882 3267 Gora.
894 3216 945 3268 ete.
962 3206 1046 3288 opud
1063 3203 1161 3268 Solet.

151 3285 186 3347 de
209 3285 303 3368 denes.
324 3285 394 3359 eccl,
404 3308 430 3348 o.
445 3289 525 3349 unm.
534 3308 568 3369 p.
580 3290 609 3349 8.
625 3288 652 3367 S.
666 3291 697 3354 7,.
714 3309 746 3350 a.
760 3290 829 3351 557.
845 3298 874 3350 et
887 3289 957 3352 558.
976 3295 1013 3351 Et
1031 3289 1164 3369 probant

151 3387 186 3430 cx
198 3369 245 3430 cit.
260 3390 284 3431 c.
297 3373 345 3431 l8.
362 3371 446 3441 Trici.
459 3390 530 3433 sess.
547 3375 596 3433 al.
621 3373 671 3437 ubi
692 3373 819 3435 dicitnr:
838 3377 961 3437 Peracto
974 3372 1079 3437 deinde
1087 3393 1163 3434 eao—

151 3456 246 3531 mine,
261 3454 470 3525 renutrtientur,
482 3465 673 3539 quotcumque
682 3457 720 3520 od
729 3457 777 3518 lais
787 3456 1020 3540 tnmijndtceti
1028 3456 1160 3538 suctim,

151 3545 248 3613 entole,
261 3537 391 3598 maribam
401 3582 408 3610 ,
418 3538 550 3600 doctrino
559 3586 566 3612 ,
576 3550 627 3603 etc.
636 3566 648 3617 ,·
657 3561 693 3602 ax
704 3541 807 3622 bisque
815 3539 1161 3625 Episcopnsenmela'got,
