2620 4176
164 214 223 297 '906
293 255 297 263 ·
368 234 432 298 Lib.
447 237 476 297 5.
491 232 951 317 Demoeeepeioportieoioriiuo.

162 344 255 413 gnane
272 332 363 399 Setino.
376 334 430 414 ei„
443 336 511 415 quio
527 354 680 415 nunquam
704 337 773 397 linei
792 354 824 397 se
838 334 993 399 defendere
1003 352 1071 407 eum
1083 340 1170 417 grori
1221 377 1232 386 -

163 417 272 479 domno
287 422 415 499 proximi
431 416 604 481 innocentis.
616 418 674 483 Sed
691 416 838 481 honoratio
858 416 1040 498 sicgonorioe
1050 433 1170 500 sumpto

98 518 101 522 ³
166 503 290 565 minime
314 505 433 580 suodet3
453 522 521 564 nem
540 504 626 580 juxto
642 508 737 584 legem
755 501 1019 576 comitatiorem
1042 506 1103 567 vito
1129 508 1170 568 sn

164 583 278 655 bonnm
302 588 414 650 ordinis
435 587 571 666 majoris,
595 586 684 668 quim
705 588 767 651 sini
793 584 871 651 bone
895 586 1093 666 temporalia,
1114 608 1173 671 po-

165 674 313 731 teseouom
330 673 421 735 vitam
436 668 590 733 defendere
612 690 680 734 eom
698 668 812 750 jooiore
828 670 994 746 bonorum,
1021 676 1069 735 vei
1083 674 1171 740 samm
1233 706 1236 710 ·

164 756 277 818 oiieoae.
292 760 348 829 Ee,
365 757 437 818 siod
454 756 592 818 horreos
606 757 744 820 odlribeoi
764 752 967 826 mendacium,
982 758 1038 819 erit
1048 761 1170 837 quidem

80 904 83 911 ,
165 851 335 919 peronem,
356 842 407 902 sod
422 860 481 902 non
494 840 559 919 pius
583 841 672 920 quim
691 842 825 916 veniale3
845 842 915 918 quio
935 842 1049 905 ratione
1067 844 1169 907 domni

166 935 284 986 tenetur
301 935 372 986 tune
392 926 696 1005 proximuedemnum
716 943 776 987 sue
791 926 876 987 frmoe
891 924 1032 999 sufferre,
1056 928 1093 988 od
1107 944 1172 995 ser'-

164 1011 290 1071 rondom
311 1010 402 1071 vieom
413 1010 577 1071 innocentis
597 1011 629 1069 in
653 1019 783 1070 extremo
809 1010 978 1071 necessitate
1006 1015 1172 1078 constituri.

165 1096 262 1167 Ratio,
276 1114 364 1175 quom
381 1104 454 1175 puio
479 1095 570 1173 magis
591 1095 623 1154 in
642 1093 698 1155 hoe
715 1113 782 1155 oosu
800 1094 992 1166 inermen,
1012 1094 1075 1157 irim
1099 1102 1171 1177 quio

166 1180 273 1259 injusto
289 1182 370 1242 loesio
387 1180 472 1240 iomae
488 1180 589 1240 oiienae
609 1179 656 1239 vel
677 1196 738 1240 non
762 1185 806 1239 est
830 1178 951 1239 unicum
974 1179 1106 1249 medium
1132 1185 1172 1245 ed

166 1266 305 1327 tuendam
329 1268 421 1326 vitem
443 1264 503 1332 rei,
524 1265 570 1324 rei
593 1262 676 1325 focile
689 1273 733 1324 esi
748 1263 909 1325 obnoxium
925 1264 1057 1340 periculo
1073 1265 1172 1330 hailo-

166 1351 338 1426 einotionis3
361 1348 425 1409 tirm
444 1348 510 1426 quie
531 1349 680 1407 mendacio
701 1349 800 1426 gravio
823 1349 854 1406 in
874 1343 986 1422 judicio
1009 1349 1107 1411 dicere
1125 1358 1172 1414 eet

167 1445 268 1497 conire
283 1436 394 1496 honum
416 1450 592 1503 commune,
609 1431 676 1492 oiim
690 1435 728 1491 sit
740 1439 907 1509 pervertere
919 1447 1036 1491 omnem
1047 1432 1172 1509 justitiae

166 1521 321 1592 ordinem,
346 1525 377 1578 et
401 1514 467 1577 ideo
484 1515 694 1595 illudquisque
707 1516 846 1595 preferre
867 1514 953 1575 debeo
965 1517 1172 1594 prirotohooo

166 1606 255 1666 eiiam
269 1605 396 1682 proprie
412 1603 491 1660 vitm.

205 1690 292 1767 Resp.
308 1688 347 1747 ii.
365 1682 449 1760 Quod
462 1702 614 1765 opponere
626 1686 738 1746 crimen
751 1700 855 1746 verum
871 1730 879 1754 ,
898 1686 949 1746 sed
961 1687 1109 1753 occuitum
1124 1698 1173 1750 te·

166 1772 235 1844 stis,
252 1774 301 1833 vei
315 1770 505 1842 accusatoris,
527 1771 641 1829 licitum
656 1780 700 1830 est
710 1788 762 1830 reo
773 1815 780 1841 ,
792 1778 826 1829 ue
840 1768 948 1830 Sonoii.
964 1767 1017 1829 loe.
1030 1770 1078 1830 eit.
1096 1790 1128 1832 n.
1140 1776 1171 1834 i.

166 1861 257 1920 lione.
268 1870 333 1938 cop.
349 1852 380 1916 2.
391 1868 421 1935 q.
432 1856 462 1913 4.
473 1851 567 1913 Solon.
583 1861 620 1913 tr.
634 1854 683 1914 99.
707 1873 733 1913 o.
747 1852 776 1914 7.
788 1868 820 1933 p.
833 1852 864 1914 2.
877 1870 909 1912 n.
923 1852 970 1913 50.
993 1852 1068 1915 noo
1088 1854 1123 1914 in
1137 1856 1171 1918 d.

165 1956 252 2023 prop.
265 1938 315 2001 44.
326 1957 359 1999 n.
374 1934 598 1999 12.etMiinnte
611 1956 656 1997 ex.
674 1939 722 1998 ii.
743 1935 814 1998 Vide
825 1935 904 1998 dieta
921 1933 943 1996 i.
962 1938 992 1997 4.
1004 1953 1088 1997 nom.
1099 1941 1172 2001 969.

167 2022 335 2085 Dummodo
347 2021 404 2083 hoe
426 2023 465 2082 sii
488 2020 620 2097 obsolute
646 2021 840 2082 necessarium
859 2020 897 2081 od
914 2038 974 2080 suee
994 2020 1174 2095 innocentior

167 2112 364 2171 defensionem
380 2128 390 2185 3
412 2108 482 2168 nem
506 2107 666 2168 dummodo
677 2105 746 2167 eliis
757 2122 825 2165 reos
837 2122 898 2166 non
915 2104 997 2178 iere,
1019 2106 1069 2167 sed
1081 2124 1174 2185 grove

167 2196 309 2257 domnum
333 2195 371 2253 sit
383 2208 541 2271 passuros,
566 2191 633 2252 lieet
647 2191 741 2268 majos
758 2190 900 2250 domnum
918 2190 1036 2252 eveniet
1058 2209 1176 2252 aecusa-

166 2281 243 2351 tori‚
261 2278 308 2339 vei
320 2278 407 2350 testi,
424 2286 457 2337 ut
474 2275 631 2337 oitSonrh.
649 2273 671 2334 l.
687 2295 709 2335 c.
726 2292 758 2336 n.
771 2276 800 2335 4.

204 2363 261 2424 Sed
272 2363 343 2440 quid
357 2359 537 2422 sireusrere
549 2360 837 2433 commisiterimon‚
855 2356 906 2420 sed
925 2358 1055 2433 omullo,
1075 2360 1117 2421 io
1138 2368 1175 2422 ui

166 2444 348 2508 nullomodo
361 2445 479 2524 probori
496 2444 607 2523 possit,
627 2440 729 2504 utrrim
739 2452 810 2504 tuno
823 2445 913 2523 possit
929 2444 1043 2516 dicere,
1056 2462 1176 2505 ocense-

167 2541 261 2591 torem
282 2531 440 2588 mentitum
460 2529 565 2604 suisse3
591 2529 638 2588 vel
663 2529 753 2607 possit
780 2546 929 2607 opponere
957 2529 1069 2588 crimen
1091 2529 1174 2591 illius

165 2614 334 2676 oecultum?
350 2611 483 2672 Affirmot
497 2609 609 2671 corello
620 2613 651 2670 in
673 2612 853 2689 expositione
862 2630 948 2690 prop.
961 2613 1010 2671 44.
1025 2611 1175 2674 damnate

71 2730 74 2737 ·
164 2696 201 2756 ob
213 2695 382 2755 Innocentio
392 2696 452 2755 XI.
466 2702 500 2755 ui
523 2695 610 2773 sopri
638 2705 668 2755 ei
685 2696 838 2773 probabile
853 2694 932 2756 reete
950 2704 1055 2774 putam
1073 2696 1172 2758 Solem

164 2777 237 2840 iiio.
258 2796 290 2837 n.
306 2778 354 2837 52.
368 2785 398 2836 et
410 2775 573 2860 Roncopiin
588 2796 654 2859 cap.
667 2781 697 2839 2.
722 2798 775 2859 qn.
793 2783 822 2839 θ.
846 2783 915 2858 quie
929 2796 1064 2839 oenusoos
1084 2796 1175 2840 reum

164 2864 201 2924 de
216 2860 340 2922 erimine
364 2861 487 2921 omnino
502 2863 637 2933 occulto,
660 2873 794 2938 censetur
807 2864 837 2922 in
855 2863 939 2940 jure,
959 2880 994 2922 oe
1009 2863 1035 2922 si
1057 2862 1094 2923 de
1111 2863 1173 2923 eri-

166 2945 329 3008 'mineieiso
348 2952 514 3011 oeeusoret,
536 2955 565 3021 et
578 2946 755 3007 columniam
779 2946 914 3017 offerret,
940 2954 973 3006 oi
988 2946 1176 3009 dieieeiosse

164 3034 197 3095 in
208 3050 232 3091 o.
248 3028 321 3089 Ceim
331 3025 474 3099 dilectore,
496 3027 531 3089 de
544 3024 674 3090 column.
683 3029 728 3089 his
739 3032 837 3091 verbis
858 3051 868 3088 ε
882 3030 917 3091 Si
929 3028 1176 3091 renuntiooonon

163 3115 287 3199 probat,
302 3112 382 3195 pnod
389 3110 525 3181 intendit,
540 3111 722 3175 calumniari
733 3115 975 3195 presumitur&
990 3115 1028 3175 ob
1037 3114 1174 3175 eamdem

165 3202 308 3260 rationem
323 3196 425 3257 dieunt
440 3195 548 3258 Soneio.
565 3200 651 3259 Cone.
665 3196 717 3260 iio.
731 3203 760 3259 6.
778 3217 803 3259 o.
825 3201 855 3260 o·
867 3192 938 3260 eoi.
965 3201 1015 3259 20.
1040 3217 1074 3258 n.
1094 3199 1127 3257 4.
1146 3202 1178 3257 et

163 3280 331 3345 Salomoni.
347 3300 380 3341 n.
400 3283 449 3342 50.
462 3280 496 3340 in
509 3279 567 3360 fin.
585 3300 651 3342 casu
673 3300 733 3360 quo
751 3285 864 3343 crimen
882 3282 926 3343 rei
945 3291 989 3344 ese
1003 3282 1172 3363 noerolium,

164 3376 194 3426 ei
207 3367 311 3442 nequit
327 3364 413 3442 piene
433 3366 570 3442 probari,
591 3384 674 3442 posse
692 3385 761 3426 eum
783 3369 913 3427 revelare
926 3367 1069 3435 delicium
1081 3366 1178 3426 oecul-

165 3459 229 3507 tum
245 3450 326 3508 testis
340 3449 376 3508 ed
396 3450 443 3507 sui
462 3449 660 3525 deiensiopem
671 3470 689 3526 3·
707 3449 796 3515 modo
812 3460 912 3511 temen
926 3450 1061 3529 (addunt)
1091 3452 1176 3511 testis

164 3528 269 3601 sponte
289 3530 436 3606 deponat,
451 3541 481 3590 et
498 3549 559 3590 non
574 3542 689 3592 coaetus
702 3554 711 3608 3
724 3533 774 3593 sed
794 3533 825 3593 r'd
846 3533 1007 3594 admittunt
1017 3529 1151 3597 otilone
1166 3578 1177 3606 ,

164 3622 200 3664 oo
216 3606 292 3668 Vivo
301 3610 333 3669 in
348 3611 379 3673 d.
395 3630 483 3693 prop.
498 3617 547 3675 44.
562 3618 665 3695 ianoe.
679 3616 740 3678 XI.
752 3618 851 3679 nii.
872 3626 901 3678 et
914 3614 1080 3694 erprcseiris
1095 3619 1180 3700 Lupo
