2620 4176
129 187 186 248 444
341 182 405 246 tit.
420 184 449 243 4
461 174 922 263 1444444444ιὶ4ριιιιιιιῖιιιιὸιιι

128 286 239 345 edere
252 282 410 361 aliquando
429 282 540 360 possit,
558 278 684 341 maxime
705 279 783 358 apud
801 279 1002 357 magistratum
1027 262 1143 358 supre—
1164 345 1169 352 ,

128 387 251 429 rmum
261 366 366 444 ,juxta
379 365 561 444 Scriptorum
574 365 664 429 Prov
675 381 700 423 o
710 364 761 423 44.
773 360 818 435 44.
830 364 878 421 44.
891 362 1036 432 daucos,
1045 364 1142 422 valde

128 463 266 514 atamen
280 450 459 530 prudenter,
476 459 506 509 et
518 447 667 510 moderate
685 447 716 509 id
735 446 917 520 iaciendum,
937 447 1005 524 quia
1018 447 1141 507 relaxa-

129 538 210 597 atio
229 543 326 616 potest
335 552 397 595 esse
407 533 508 594 rllrcrta
518 531 688 610 ,judexque
711 531 784 609 (non
804 538 902 592 tomen
917 529 1138 599 confessarius,

127 645 140 672 ιι
165 621 222 680 nisi
244 637 277 679 ca
298 616 477 697 providerit)
494 616 559 678 fieri
576 626 645 676 reus
665 616 812 675 malorum
833 615 989 686 omnium,
1007 631 1074 691 quae
1094 628 1138 673 ex

127 729 140 757 ιι
164 704 338 764 liberatione
348 709 532 781 sequuntur
545 698 605 760 imd
620 709 649 760 et
674 699 731 778 ipsi
749 697 991 778 imputabuntur,
1005 694 1074 758 eirm
1093 714 1138 757 ex

127 813 141 841 ι
165 788 262 848 cilicio
278 785 414 846 debuerit
431 783 586 862 impedire
602 782 674 844 Vide
694 782 835 844 Boreo·
821 800 856 842 ιιι
878 783 908 840 8
921 797 1010 862 preco.
1002 778 1058 840 ..d
1080 781 1135 841 40.

127 895 141 924 ιι
167 886 220 951 qo.
233 871 264 932 4.
274 870 344 931 cti.
361 872 458 931 Τιιιιι.
470 866 590 949 deject.
602 864 672 929 dub.
684 867 714 928 4.
727 883 779 946 qu.
793 865 823 926 t.
837 863 910 925 44.

384 1149 394 1164 .
523 1101 669 1164 DUBlUlll
689 1101 740 1160 lx.

126 1298 217 1397 Quae
233 1296 407 1403 obligatio
423 1298 673 1390 medicorum,
691 1302 728 1370 et
746 1294 1100 1400 pharmacopaeorum
1118 1355 1132 1393 ,
1230 1380 1234 1385 ,

469 1418 506 1487 et
519 1409 799 1511 chirurgoruml‘

163 1636 599 1761 44.-«1444444444
619 1694 641 1755 44
664 1693 696 1754 44
714 1693 838 1772 primis,
854 1695 974 1773 quando
988 1695 1048 1760 tale
1065 1698 1137 1761 offi-

124 1805 139 1834 u
162 1781 242 1841 cium
260 1787 384 1860 petunt,
400 1779 447 1839 vel
461 1779 645 1857 suscipiunt,
666 1777 722 1839 sub
746 1780 829 1855 gravi
852 1780 1032 1857 obligatione
1048 1783 1140 1842 suffi-

124 1889 138 1917 ιι
162 1864 288 1932 cientem
301 1862 411 1924 habero
421 1863 594 1934 seientiam,
609 1861 672 1923 sive
684 1862 834 1940 peritiam.
846 1864 928 1923 Noe.
938 1881 965 1923 o.
975 1865 1025 1926 44.
1034 1883 1068 1926 ιι.
1078 1867 1133 1926 it).

126 1973 139 2001 ι
163 1948 273 2010 loton.
291 1945 416 2011 Coeden.
429 1944 464 2006 de
484 1948 567 2028 Lupo
579 1944 611 2006 d.
632 1948 682 2007 44.
697 1964 731 2006 ιι.
758 1947 788 2007 4.
803 1947 916 2009 Deinde
940 1949 972 2008 in
995 1949 1135 2011 curandis

125 2058 139 2087 ι
162 2033 289 2095 infirmis
314 2048 431 2094 servare
445 2039 601 2109 sequentes
625 2031 767 2109 regulas:
793 2032 819 2091 l.
846 2031 1001 2093 Ordinarid
1022 2034 1137 2095 debent

125 2140 139 2171 ιι
162 2117 246 2195 sequi
266 2117 420 2197 opiniones
439 2115 622 2177 medicorum
645 2132 778 2192 securas,
801 2123 832 2175 et
847 2123 936 2176 tutas.
956 2117 1041 2177 Ratio
1061 2126 1134 2189 est,

126 2225 139 2253 ιι
163 2201 351 2280 periculum,
369 2210 401 2262 et
418 2199 561 2261 damnum
579 2198 718 2277 proximi.
739 2200 783 2258 lta
806 2201 886 2259 Boo.
903 2199 1134 2278 separaret.

164 2290 194 2347 4.
206 2304 282 2348 mor.
298 2304 325 2347 c.
347 2288 377 2346 9.
392 2287 431 2347 ll.
445 2283 570 2359 Quando
590 2291 704 2344 certum
725 2282 846 2360 aliquod
858 2292 903 2344 est
918 2283 1106 2362 pharmacum
1121 2330 1135 2359 ,

125 2395 139 2422 ιι
162 2369 242 2447 quod
258 2368 403 2431 nimirim
418 2367 500 2430 eertd
524 2367 651 2428 infirmis
677 2366 866 2446 profuturum
893 2375 964 2440 est,
992 2377 1137 2430 tenemur

127 2479 139 2506 ι
162 2453 236 2513 44144
254 2451 414 2527 adhibere,
439 2453 549 2514 omisso
566 2469 623 2524 eo,
643 2451 681 2512 de
698 2469 758 2530 quo
774 2451 948 2522 dubitatur,
973 2453 1042 2530 quia
1060 2452 1135 2513 alias

125 2563 138 2589 ιι
163 2536 368 2615 imprudenter
386 2538 555 2614 proximum
582 2537 615 2596 in
637 2536 769 2615 periculo
788 2536 1002 2613 relinquerent.
1023 2539 1078 2598 lll.
1097 2539 1131 2598 Si

125 2645 138 2675 ιι
162 2637 221 2681 444
233 2621 292 2680 sint
305 2630 384 2681 certa
397 2621 573 2700 pharmaca,
594 2620 704 2680 debent
727 2619 866 2684 adhibere
879 2620 1075 2699 probabiliora
1100 2631 1134 2681 et

123 2731 139 2758 ιι
162 2703 290 2781 44444ιιι;
309 2702 374 2765 tiam
399 2706 470 2782 quia
485 2704 596 2782 alioqui
616 2706 740 2766 salutem
765 2703 894 2783 proximi
917 2704 949 2764 in
972 2704 1134 2769 discrimem
1200 2757 1210 2770 .
1303 2752 1304 2759 ,

124 2814 138 2843 ι
162 2787 366 2848 adducerent:
385 2785 451 2847 tium
473 2788 542 2865 quia
566 2796 705 2848 tenentur
727 2789 811 2868 iungi
841 2788 961 2862 officio,
985 2787 1134 2866 quantirm

124 2900 137 2927 ιι
161 2881 301 2949 possunt,
326 2889 394 2931 cum
415 2871 540 2931 minimo
560 2872 689 2948 proximi
709 2874 859 2952 periculo,
882 2881 913 2932 ct
932 2872 1052 2933 damno.
1074 2875 1129 2934 444.

124 2982 138 3009 ιι
162 2956 285 3030 Quando
306 2956 388 3016 nulla
404 2963 525 3034 estspes
541 2953 579 3014 de
599 2957 693 3015 salute
717 2957 850 3030 infirmi,
874 2974 929 3017 nec
941 2957 1021 3017 adest
1031 2975 1135 3017 reme·

126 3068 138 3094 ·
162 3041 245 3103 dium
259 3040 315 3121 nisi
332 3040 478 3111 dubium,
500 3039 537 3100 de
552 3056 612 3116 quo
624 3042 735 3105 seilicet
748 3043 920 3118 dubitatur,
939 3059 1012 3103 num
1028 3042 1133 3121 prolu-

124 3151 137 3179 ι
162 3135 281 3199 turum,
295 3143 333 3185 un
348 3123 518 3188 nociturum
529 3122 567 3183 sit
577 3166 585 3196 ,
597 3135 742 3204 possunt,
758 3126 820 3189 imlt
835 3126 943 3186 debent
954 3125 1028 3186 illud
1045 3124 1134 3187 adhi-

123 3236 137 3266 ι
160 3211 242 3273 ltere.
258 3211 343 3271 Ratio
353 3217 397 3270 est
409 3253 418 3282 ,
431 3210 499 3286 quia
513 3211 555 3271 sic
571 3210 683 3272 infirmi
698 3213 850 3289 negotium
864 3213 978 3272 utiliter
996 3212 1131 3289 geritur,

124 3323 138 3350 ιι
161 3297 226 3356 etsi
242 3313 322 3355 mors
333 3300 490 3372 sequatur,
506 3295 577 3373 ipsis
589 3312 650 3357 uon
662 3295 876 3374 imputabitur,
885 3293 954 3356 edm
964 3295 1034 3355 alias
1046 3312 1133 3372 spem

123 3406 136 3436 ιι
160 3379 297 3439 vitoenon
310 3377 425 3439 habeat
435 3379 541 3458 caym.
558 3376 581 3439 4.
594 3382 625 3439 4.
638 3386 677 3440 tr.
692 3381 722 3439 l.
735 3375 883 3440 444444.
895 3398 928 3438 ιι.
943 3381 1011 3440 444.
1015 3380 1132 3439 Borrae.

122 3461 195 3602 ἷξε
218 3461 396 3619 4444443344.
420 3480 472 3542 qu.
491 3465 522 3523 4.
540 3480 572 3542 p.
593 3463 662 3521 4ιι
648 3459 869 3546 aldstprodob
854 3459 908 3526 otte
921 3459 1133 3542 ,jurtodaeto

201 3561 222 3600 ll
