2562 4166
175 209 234 271 too
370 204 438 270 Lib.
458 207 489 269 a.
504 206 550 269 De
568 205 719 289 praeceptis
733 198 974 290 particularibus.

172 306 224 360 220
241 306 315 373 Quid
326 303 432 363 licitum
443 305 479 359 rit
491 306 650 361 aduocato?
760 306 764 313 '

174 378 221 430 221
242 381 318 444 Quor
328 392 465 445 pauperes
477 383 605 431 tencatur
616 377 769 431 advocatur
781 375 872 430 tetri?

175 451 226 503 222
241 453 287 502 Au
301 449 390 518 poerit
403 451 555 505 edocemur
568 451 641 504 lutri
654 463 769 503 coucam
779 448 873 502 artabe
882 446 1076 516 probabilem?
1123 470 1128 477 ·

173 523 224 576 225
241 523 360 588 Quando
371 524 525 578 advocatur
539 529 667 577 tencatur
678 523 716 576 ad
725 520 950 577 restitutionem?

174 596 225 648 171
240 600 283 648 an
293 595 521 720 ticcatladooeato
538 594 731 651 conventreio
746 594 855 663 pretio,
872 594 993 662 iuaoptd
1007 591 1078 647 litet
1088 594 1133 645 Au
1150 592 1189 646 de

272 674 359 736 quota
388 668 458 722 itis?
921 704 925 711 -
1038 683 1044 693 ·

174 741 225 794 223
239 739 329 793 Plura
342 740 468 793 potanda
479 739 556 793 circo
567 738 697 792 advocati
707 737 854 792 talariam
986 806 990 813 ,

175 815 225 868 226
241 813 359 880 Quando
367 817 459 881 peceat
470 814 623 868 advocatur
634 812 734 867 contra
744 826 825 866 cuam
837 810 975 880 offitium?

215 996 283 1058 118.
291 1020 348 1048 -r
358 931 508 1071 Sarrano
519 992 679 1055 secundirm
690 1011 791 1054 omnes
800 1037 809 1064 ‚
818 993 849 1054 in
861 992 998 1053 advocato
1008 974 1190 1071 quatuorrc·

177 1104 191 1135 a
204 1078 295 1158 quiri,
310 1079 579 1140 scilicetscientiam
592 1078 827 1148 convenientem,
836 1075 981 1153 justitiam
995 1092 1098 1148 causae,
1112 1075 1191 1136 fide·

177 1163 318 1223 »litatem
334 1171 363 1223 et
375 1161 505 1239 pretium
513 1158 648 1237 justum:
667 1160 746 1236 quod
765 1159 789 1218 si
811 1167 940 1220 taxatum
961 1168 1005 1218 est
1017 1202 1025 1230 ,
1039 1177 1099 1220 non
1116 1159 1192 1218 licet

176 1247 278 1307 »ultra
291 1245 346 1307 hoc
364 1247 513 1322 accipere:
530 1243 581 1303 ubi
592 1261 652 1303 non
665 1252 708 1305 est
725 1252 870 1318 taxatum,
883 1243 990 1306 sufficit
1000 1241 1113 1322 justum
1132 1260 1191 1302 na·

178 1331 316 1403 acarde,
331 1326 441 1390 atride
457 1325 629 1407 apudBorc.
1185 1346 1188 1355 r

214 1416 284 1476 ato.
296 1446 336 1457 -
348 1411 405 1472 Sed
420 1419 488 1471 ante
505 1410 604 1469 omnia
617 1410 780 1473 notandum
794 1420 856 1483 est,
869 1411 994 1472 vetitum
1006 1427 1065 1480 csse
1076 1427 1191 1471 munus

177 1497 307 1558 advocati
328 1495 464 1555 exercere
486 1494 718 1571 impotentibus,
735 1495 910 1568 infamibus,
928 1495 999 1554 item
1015 1492 1189 1565 monachis,

177 1580 233 1641 nisi
257 1579 433 1653 interveniat
455 1578 567 1637 utilitas
590 1580 781 1653 monasterii,
803 1589 832 1639 et
855 1578 971 1638 licentia
994 1576 1126 1656 praelati,
1153 1593 1192 1636 ex

177 1681 202 1724 e.
215 1665 265 1743 Ea
280 1670 381 1745 parte,
400 1659 434 1722 de
448 1657 637 1741 postulando.
656 1662 729 1723 Item
751 1661 967 1734 sacerdotibus,
988 1661 1099 1722 sivein
1119 1659 1192 1723 soro

177 1746 291 1817 laicali,
313 1748 374 1806 sive
394 1746 602 1816 ecclesiastico,
629 1764 665 1807 ex
689 1766 715 1807 a.
740 1744 960 1818 Sacerdotibus,
987 1764 1024 1806 ue
1048 1743 1115 1808 cler.
1141 1742 1192 1806 vei

179 1847 257 1909 mou,
275 1830 331 1890 nisi
350 1829 390 1890 sit
411 1847 496 1889 causa
517 1830 658 1908 propria,
674 1831 721 1891 vel
739 1832 866 1909 propriae
882 1831 1032 1903 Ecclesiae,
1051 1830 1098 1890 vel
1111 1847 1191 1907 pau·
1218 1881 1220 1884 .

177 1932 282 1993 perum
293 1958 301 1985 ‚
311 1913 359 1974 rel
368 1914 651 1991 consanguineorum
661 1914 736 1975 infra
746 1915 776 1973 1.
784 1913 924 1992 gradum,
935 1913 1024 1987 modb
1035 1914 1083 1975 isti
1092 1913 1191 1973 alium

178 1997 350 2058 advocatum
363 1998 403 2057 ita
416 1996 557 2073 idoneum
573 2015 634 2058 non
647 1998 809 2058 inveniant.
824 1999 858 2059 ln
875 2015 958 2057 causa
973 2008 1072 2065 tamen
1085 1996 1193 2057 crimi-
1275 2058 1276 2061 ,

178 2081 237 2141 nali
260 2080 410 2141 nonlicet
432 2098 565 2159 unquam
585 2081 783 2142 sacerdotibus
807 2081 947 2142 advocare
967 2099 1066 2143 coram
1086 2079 1193 2158 judica

178 2163 320 2224 saeculari.
344 2160 453 2225 Sancb.
467 2159 550 2243 Syia.
576 2161 861 2226 cicomariam
876 2161 959 2244 Offic.
972 2183 997 2224 a.
1008 2166 1040 2226 l.
1050 2162 1193 2227 ‹leodoa-

179 2252 237 2307 eot.
253 2264 287 2344 p.
304 2248 332 2308 1.
346 2264 377 2306 re.
395 2247 424 2306 b.
444 2245 526 2307 ldam
547 2246 657 2307 dicitur
671 2248 708 2308 de
720 2249 832 2309 clericis
846 2249 879 2308 in
898 2248 985 2309 sacris
1002 2244 1192 2318 constitutis,
1274 2294 1275 2301 ,

179 2328 285 2389 sivein
301 2329 467 2389 minoribus
481 2330 506 2389 sl
523 2330 583 2390 sint
597 2331 782 2406 benefidati,
801 2333 857 2392 nisi
873 2341 990 2395 careant
1008 2329 1193 2412 patrimonio

179 2412 333 2473 sufficienti
352 2412 389 2474 ad
407 2414 537 2485 rictum,
553 2422 587 2474 ut
599 2413 708 2479 Sonob.
722 2434 749 2476 a.
761 2418 791 2477 1.
806 2414 837 2477 d.
849 2418 881 2476 1.
893 2434 925 2477 u.
940 2418 970 2476 7.
983 2417 1193 2477 Parauaea·

179 2490 244 2555 eall.
255 2492 338 2574 Syia.
352 2504 380 2556 et
391 2493 485 2559 Salen.
497 2495 569 2558 ibid.
580 2516 612 2558 u.
621 2501 652 2559 7.
663 2506 690 2558 ot
700 2500 729 2560 8.
740 2500 770 2560 Si
783 2500 848 2577 quis
860 2509 959 2560 autem
973 2517 1009 2560 ex
1018 2498 1064 2560 his
1076 2496 1190 2567 semel,
1273 2508 1274 2545 1

181 2577 228 2637 vel
244 2575 289 2637 bis
305 2596 404 2639 causas
419 2579 573 2641 advocaret
586 2591 689 2642 contra
705 2581 952 2662 prohibitionem,
974 2600 1034 2643 non
1054 2586 1193 2660 peccaret

180 2661 328 2804 graviter&
340 2660 440 2735 secie,
456 2662 480 2722 si
493 2679 531 2725 ex
541 2664 670 2741 professo
680 2708 688 2740 ‚
700 2676 733 2727 ut
742 2664 850 2727 Saueb.
860 2675 913 2727 etc.
927 2684 994 2731 eum
1006 2662 1100 2728 Salat.
1111 2660 1190 2726 ibid·
1272 2730 1273 2733 ,

181 2760 264 2803 uum.
323 2787 331 2802 ,

219 2825 276 2886 Sed
296 2826 459 2887 notandum
476 2828 501 2887 1.
518 2844 553 2888 ax
568 2830 717 2890 communi
736 2833 880 2894 sententia
899 2850 1041 2894 nonesse
1059 2829 1192 2891 vetitum
1271 2874 1272 2897 ;

181 2910 293 2973 clericis
308 2927 368 2971 non
387 2910 584 2971 sacerdotibus
604 2913 745 2974 advocare
764 2934 819 2994 pro
841 2916 965 2995 negotiis
990 2914 1193 2977 ecclesiasticis
1271 2916 1272 2923 ’

182 2993 307 3073 (ratione
324 2993 371 3054 vel
387 3011 519 3071 personae
534 2997 580 3055 vel
595 2998 639 3056 rei
652 2999 795 3077 Ecclesiae)
806 2999 839 3061 in
853 3008 1039 3078 quocumque
1054 2999 1128 3060 foro.
1146 3000 1192 3059 lta

181 3074 422 3139 irremeabile.
436 3095 470 3137 a.
482 3080 511 3139 7.
528 3081 564 3139 Et
576 3089 687 3145 constat
699 3099 736 3143 ex
745 3085 851 3163 capel.
860 3080 1048 3153 choetulat.
1058 3081 1085 3163 S.
1098 3083 1193 3142 Cum·

181 3179 248 3243 que,
262 3161 313 3221 ubi
335 3160 446 3222 clericis
468 3163 583 3226 tantbm
606 3164 782 3242 prohibetur
803 3167 944 3229 advocare
960 3168 993 3228 in
1012 3167 1076 3229 loro
1093 3164 1192 3227 laicali

181 3261 237 3322 pro
255 3244 348 3306 causis
363 3245 560 3308 sacularibus.
580 3250 750 3311 Notandum
769 3251 806 3312 ll.
827 3249 908 3330 qubd
921 3252 1018 3314 clerici
1037 3252 1069 3311 in
1091 3252 1193 3312 mino-
1268 3262 1270 3273 ³

181 3327 264 3388 ribus
286 3328 349 3389 sine
373 3329 515 3392 beneficio
529 3374 538 3404 ,
552 3342 674 3409 possunt
698 3352 895 3413 quascumque
917 3354 1016 3396 causas
1037 3335 1135 3396 civiles
1157 3334 1192 3395 in

87 3464 90 3472 .
183 3411 317 3488 quolibet
335 3411 400 3473 foro
420 3413 572 3475 advocare.
587 3417 633 3476 An
655 3417 725 3479 verb
743 3419 902 3495 possintin
919 3439 1003 3485 causa
1021 3419 1191 3483 criminali?

183 3492 339 3555 Affirmant
351 3497 401 3556 alii
413 3497 489 3575 apud
500 3495 593 3559 Salar.
608 3498 681 3561 ibid.
697 3521 727 3561 a.
743 3505 773 3561 9.
790 3501 846 3562 Sed
860 3502 953 3563 curias
970 3503 1136 3584 negandum
1151 3520 1190 3563 ex

182 3588 207 3629 r.
217 3573 368 3663 boecler.
383 3577 429 3641 vol
440 3597 521 3643 mou.
537 3588 566 3642 ct
579 3602 605 3643 c.
617 3580 646 3645 l.
658 3583 728 3649 diat.
743 3588 790 3650 til.
803 3587 997 3653 probabiliter
1012 3597 1110 3651 tamen
1118 3587 1190 3653 licet
