2576 4168
127 216 166 277 tu
341 217 404 277 tib.
416 219 444 276 5.
458 216 501 274 lio
512 212 664 296 praeceptis
677 208 918 295 particularibus.

126 334 196 377 arara
217 316 394 395 primicerii,
409 315 597 392 praecentoris
611 315 673 374 siue
686 314 829 383 cantoris,
839 322 870 372 et
885 311 1010 374 saacristm
1025 316 1135 390 prima-

126 402 176 460 rii.
205 399 309 481 Officia
329 397 449 460 demdm
467 407 538 459 suut
554 414 678 460 munera
703 394 896 469 thesaurarii,
924 400 1133 475 preceptoris,

126 486 271 557 custodis,
291 502 342 545 seu
375 483 502 543 sacristae
530 482 696 553 interioris,
724 482 887 552 ceconomi,
909 491 978 552 ete,
1005 501 1133 559 quorum

127 569 272 647 aliquibus
294 577 339 630 est
361 583 474 627 annexa
492 565 626 642 quadam
644 564 878 635 administratio,
894 565 958 625 sine
971 575 1068 627 tamen
1083 564 1134 641 ju·

127 652 293 712 risdictione
304 697 312 723 ,
325 659 377 711 aut
395 649 627 729 praeeminentia.
641 648 705 710 attia
721 646 794 708 verb
811 657 880 707 sunt
901 648 1134 726 incompatibilia

127 734 246 796 semodi
259 735 392 817 penam,
409 743 443 794 ut
457 741 528 794 sunt
540 733 726 794 canonicatus
739 775 748 803 ,
760 740 791 792 et
812 731 912 792 omnia
925 749 990 809 quaa
1010 732 1138 793 residen-

128 819 200 879 tiam
221 821 390 897 requirunt.
850 878 853 883 .

166 904 335 963 Notandum
348 908 467 973 autam,
486 897 568 978 qubd
585 899 611 960 si
629 900 696 977 quis
715 898 831 959 obtinet
849 899 910 960 duo
930 899 1070 960 beneficia
1090 902 1137 962 in·

128 986 325 1063 competibitia
339 1030 347 1056 ,
363 986 485 1045 obtento
506 983 653 1053 seeundo,
666 990 749 1043 vacat
766 983 831 1060 ipso
850 982 920 1059 jure
941 983 1138 1060 primun13'et

127 1072 151 1130 si
172 1071 222 1129 ilie
234 1080 394 1145 utrumque
409 1068 537 1128 retinere
550 1075 724 1145 prasumat,
736 1065 801 1143 ipso
812 1068 923 1143 pariter
930 1066 999 1145 jure
1009 1078 1139 1147 utroque

128 1153 274 1213 beneficio
288 1154 433 1230 privatur.
454 1151 522 1209 Haec
541 1159 620 1210 certa
639 1159 709 1210 sunt
729 1149 827 1227 quoad
841 1149 980 1211 beneficia
995 1152 1143 1228 incompta:

127 1238 222 1297 sibilia
240 1237 328 1314 primi
350 1235 488 1313 generis,
508 1251 545 1293 ex
561 1233 737 1294 Tridentino
757 1234 1137 1297 materterarum.

129 1339 153 1379 a.
174 1322 222 1380 17.
237 1319 272 1380 de
292 1317 363 1399 Res.
380 1320 451 1378 item
467 1336 503 1378 ex
514 1337 540 1378 c.
553 1318 599 1378 De
620 1314 735 1393 multu,
752 1316 788 1377 de
802 1316 906 1398 preb,
919 1320 1045 1378 Eatruo.
1059 1322 1140 1382 Esc-

121 1400 263 1479 crubilis,
278 1401 313 1463 da
328 1401 420 1483 proeb.
436 1408 464 1461 at
483 1399 567 1483 aliqu.
591 1419 658 1481 cop.
675 1399 821 1477 Litterae,
846 1401 880 1462 de
900 1419 1021 1462 caumas.
1034 1404 1138 1483 praed„

129 1504 163 1548 ac
180 1484 317 1548 Clamant.
333 1506 397 1567 cup.
410 1489 491 1546 uraic.
504 1484 569 1546 eud.
582 1485 630 1545 tit.
648 1484 706 1545 Sed
725 1486 849 1546 dubium
861 1487 895 1546 iit
908 1531 916 1558 ,
928 1506 964 1547 un
978 1488 1056 1549 idean
1070 1510 1141 1567 pro·

130 1572 212 1632 aedat
228 1573 259 1631 in
285 1571 435 1629 beneficiis
456 1568 727 1647 incompatibilibus
743 1569 862 1629 secundi
881 1572 1014 1646 generis,
1032 1591 1142 1651 nempe

130 1655 229 1732 qudd,
255 1653 376 1713 obtento
399 1652 545 1722 secundo,
569 1661 653 1711 uacat
673 1652 830 1728 primum?
847 1653 1000 1713 bffiaauant
1021 1659 1139 1717 Curatio.
1242 1666 1246 1672 '

129 1737 261 1819 Sporerii
271 1737 304 1796 in
315 1736 377 1815 fisce
388 1735 460 1797 uma
471 1737 501 1794 5.
516 1733 552 1795 dc
562 1730 779 1796 recreatu-taor.
787 1753 820 1816 p.
832 1737 881 1797 76.
895 1754 927 1795 u.
941 1738 990 1797 48.
1003 1737 1044 1798 ud
1054 1758 1147 1799 rttrm..

130 1827 159 1883 a.
175 1821 269 1884 Salsa.
282 1830 319 1882 tr.
338 1824 387 1882 18.
400 1819 434 1880 de
448 1817 541 1898 benef.
556 1816 622 1880 eccl.
635 1838 661 1880 c.
675 1818 757 1880 unic.
770 1839 803 1901 p.
817 1821 865 1879 tt.
876 1819 902 1899 8.
914 1823 941 1881 5.
953 1824 1062 1883 11661.
1074 1843 1143 1885 curas

132 1907 350 1969 Goazmzorat
360 1904 523 1975 Garamas
533 1903 876 1984 requirebamus,
887 1904 922 1966 dc
935 1905 1027 1989 prceb.
1042 1926 1078 1968 cx
1088 1909 1143 1968 de-

130 1993 286 2052 claratione
304 1993 335 2048 S.
349 1992 381 2049 C.
398 1991 537 2066 idemque
553 1988 656 2048 dicunt
667 1986 761 2049 Salsu.
775 1989 895 2067 probari
912 2008 948 2049 ex
967 1991 1143 2052 iociscitatis

130 2075 309 2136 Tridentini.
321 2073 378 2134 Sed
398 2072 690 2151 nequamneuam
710 2073 799 2152 sopri
819 2092 853 2133 a.
868 2072 996 2134 anteced.
1018 2078 1086 2136 116.
1106 2094 1144 2136 ac

128 2157 219 2222 Heia.
234 2167 255 2218 t.
271 2161 299 2217 1.
312 2176 344 2239 p.
359 2160 429 2218 tat.
443 2177 475 2217 a.
487 2157 642 2216 biberetur
655 2155 725 2221 otiis
737 2179 746 2233 3
756 2168 786 2217 et
799 2157 876 2217 idem
889 2159 978 2218 sentit
989 2161 1068 2220 Nau.
1079 2156 1141 2220 bb.

133 2241 241 2305 Consil.
252 2245 302 2303 71.
313 2241 348 2303 de
360 2241 450 2321 praeb.
466 2241 579 2317 dicens,
591 2242 673 2319 qudd
686 2244 710 2302 si
726 2252 872 2303 constaret
882 2244 912 2304 S.
925 2246 957 2302 C.
971 2245 1143 2315 declarasse,

131 2329 210 2405 qudd
226 2326 439 2386 Tridentinum
461 2326 503 2385 ita
526 2325 566 2385 sit
594 2326 838 2405 intelligendum,
859 2327 927 2387 tatis
948 2327 1104 2389 declaratio
1123 2330 1143 2394 ir

131 2412 271 2481 Pontibce
286 2411 388 2470 fuisset
408 2408 583 2471 confirmata
598 2455 606 2479 ‚
620 2418 732 2471 altune
752 2411 794 2470 sie
810 2411 885 2470 foret
898 2411 1058 2471 tenendum
1069 2435 1078 2487 ς
1090 2415 1143 2473 aad

131 2496 198 2571 quia
214 2496 245 2555 id
263 2515 323 2556 non
346 2503 458 2554 constat
471 2541 478 2564 ,
492 2503 523 2555 et
545 2493 662 2555 alitsex
679 2495 777 2554 verbis
794 2495 911 2553 concilii
935 2494 965 2554 id
983 2513 1043 2555 uon
1059 2498 1145 2558 vidc-

131 2590 182 2639 tur
194 2579 350 2638 efficaciter
372 2577 513 2655 probari,
531 2596 592 2637 non
607 2588 651 2638 est
672 2577 751 2655 quod
767 2577 803 2637 ad
822 2579 948 2655 primam
966 2580 1145 2640 sententiam

130 2667 184 2724 no's
204 2664 377 2739 adstringat.
392 2662 503 2722 Reverb
523 2663 604 2723 enim
626 2664 783 2723 concilium
805 2662 836 2721 in
854 2663 946 2739 priori
957 2662 1022 2723 locu
1041 2666 1142 2738 citato,

131 2762 237 2823 nempe
245 2763 317 2805 sesa
330 2750 359 2804 7.
373 2763 399 2805 o.
413 2748 457 2816 7.,
471 2746 605 2823 loquitur
621 2746 741 2823 quidem
755 2745 793 2805 de
810 2747 1056 2823 praesumentibus
1070 2749 1143 2807 reti-

131 2831 201 2889 ndre
216 2829 278 2887 duo
293 2828 433 2887 beneficia
444 2830 724 2906 quomodocumque
738 2829 986 2906 incompatibilia,
998 2829 1061 2889 scii.
1075 2850 1143 2908 quac

131 2912 318 2972 residentiam
336 2913 512 2989 requirunt,
527 2922 557 2972 et
577 2930 628 2972 eos
639 2912 711 2972 dicit
729 2912 791 2990 ipso
802 2909 871 2987 jure
883 2910 993 2988 privari
1015 2920 1142 2993 utroque

131 2995 295 3068 beneficio,
318 2996 370 3055 sed
392 2998 510 3055 nullum
528 2997 598 3056 iacit
612 2996 738 3054 verbum
761 2996 799 3054 de
820 2995 970 3054 vacatione
992 2994 1081 3073 primi
1103 2997 1141 3054 ob

130 3079 367 3138 consecutionem
383 3078 516 3138 secundi.
535 3081 569 3138 ln
581 3079 735 3155 posteriori
748 3089 846 3138 autem
857 3079 922 3138 loco
931 3096 1059 3155 ‚nempe
1070 3096 1139 3139 sesa.

130 3163 180 3222 ib.
191 3162 296 3231 call„
308 3162 365 3221 ubi*
374 3158 540 3239 proscribit
554 3180 656 3220 vacare
670 3163 800 3240 primum
810 3161 1006 3233 beneficium,
1019 3162 1140 3222 obtento

130 3245 276 3314 seeundo,
290 3246 425 3321 loquitur
437 3244 554 3304 tantiam
572 3245 610 3303 de
623 3245 774 3305 benefieiis
786 3247 910 3314 curatis,
924 3243 1067 3305 nimirum
1078 3247 1142 3322 epi·

130 3328 313 3405 scopalibus,
331 3337 366 3387 et·
382 3327 608 3407 parochialibus.
620 3331 686 3389 -lloc
695 3337 793 3388 tamen
805 3330 1011 3389 nonobstante
1020 3340 1142 3405 propter

131 3411 340 3489 praelaudatam
362 3410 499 3470 declarat.
513 3412 543 3471 S.
560 3413 592 3470 C.
605 3410 674 3471 edm
690 3411 782 3489 ipsab
793 3412 927 3488 pluribus
938 3413 1097 3477 reseratur,
1111 3419 1141 3471 et

132 3494 294 3570 praesertim
308 3492 325 3550 1
337 3495 499 3572 ‘Fauonium
514 3495 565 3569 qui
579 3493 748 3571 hujusmodi
762 3494 991 3554 declarationum
1007 3495 1063 3553 init
1077 3493 1140 3552 dili·

128 3592 200 3651 qens
218 3575 395 3650 inquisitor,
410 3577 504 3652 placet
524 3577 608 3639 nobis
626 3576 723 3654 putide
742 3578 847 3656 primas
868 3578 1020 3640 sententiae
1040 3575 1138 3636 auitam-
