2610 4186
148 271 207 335 285
272 354 276 361 .
320 272 426 335 libb}
440 270 998 354 Trou.tmesmrommrtsmqmuo.
1030 290 1034 301 ¹

146 371 307 449 conclusio,
321 372 457 453 quamvis
475 390 588 433 nrorrem
605 372 760 453 inteqritus
774 390 835 433 non
853 371 895 432 sit
914 372 949 433 de
965 374 1091 434 essentia
1107 380 1162 435 sce-¹

147 459 308 533 cramenti3
328 466 372 518 cst
388 464 486 517 tanun
533 465 653 538 recepta
676 456 776 517 dioirco
800 457 929 518 nterimt
953 458 1174 519 necessario...,

147 541 188 599 At
210 545 278 604 vert
305 539 384 622 quod
411 475 536 600 artmulb
560 539 701 620 prassini
722 539 758 600 de
780 539 937 600 idoneitate
958 558 1082 611 eorum,
1103 544 1160 621 qui

146 623 239 684 sacris
255 634 327 685 sunt
343 622 488 685 initiandi
505 621 677 691 ordinibus,
701 621 857 701 definitur,
873 641 935 684 non
952 631 995 684 est
1011 623 1159 704 qenerolls

146 704 202 767 illo
216 707 385 789 dispositio,
401 726 467 789 quae
486 707 520 767 iu
536 707 709 787 suscipiente
727 706 918 787 quodeunque
938 718 1158 770 sacramentum

147 791 328 869 requiritur,
339 811 375 852 ne
383 789 606 852 sacramentalis
612 789 714 870 qratia
724 790 831 852 obicem
845 791 988 851 insaniat.
999 793 1056 852 Est
1067 792 1160 852 etiam

147 872 202 936 illo
222 876 357 956 quadam
383 872 508 936 actualis
526 874 726 954 preparatio,
750 873 800 935 sed
823 873 954 952 definitio
976 875 1017 936 od
1037 876 1160 936 modurn

147 957 267 1021 babitris
282 960 388 1021 attinet
399 957 555 1037 (significet
572 955 621 1017 hle
632 957 735 1028 Sotus,
749 956 827 1034 qubd
840 959 1057 1034 promerendus
1070 958 1160 1020 debet

147 1059 209 1102 esse
226 1043 414 1105 habitualiter
430 1041 555 1118 bonuslq
569 1040 714 1101 eninrucrd
731 1039 810 1119 qubd
823 1039 863 1100 ad
882 1041 1067 1101 sanctitatem
1077 1041 1161 1104 ordi-

150 1125 199 1187 nis
218 1125 304 1188 bomo
324 1147 386 1189 non
405 1122 499 1188 solum
522 1124 653 1204 qratiam
670 1123 813 1205 suscipit,
834 1123 885 1186 sed
906 1122 947 1184 od
959 1121 1161 1188 sublimiorem
1194 1162 1201 1175 ·

145 1208 272 1290 pradum
283 1209 464 1279 conscendit,
477 1208 640 1288 requiritur
652 1211 684 1269 in
698 1225 730 1268 eo
741 1225 855 1268 nmmum
873 1206 1009 1268 bonestas
1023 1215 1052 1268 et
1063 1208 1161 1270 oirtu·

150 1301 212 1353 tum
229 1291 361 1357 claritas.
378 1294 459 1354 ldem
479 1294 581 1353 asserit
595 1291 725 1352 Sanelrez
740 1288 828 1371 (confi
847 1310 871 1351 e.
892 1293 921 1350 l.
936 1289 967 1352 d.
980 1294 1029 1353 lb.
1044 1311 1078 1352 n.
1094 1292 1157 1371 lq:

149 1378 187 1437 In
199 1377 393 1455 promouendo
407 1376 448 1437 od
466 1375 583 1437 ordines
600 1375 764 1454 requiritur
777 1374 892 1436 bonitas
903 1375 987 1449 vita,
1006 1374 1086 1453 quod
1097 1395 1160 1437 non

148 1467 192 1521 est
209 1457 429 1541 intelliqendum
440 1458 474 1519 de
485 1455 617 1540 qenerali
632 1459 776 1528 bonitate,
790 1456 821 1519 id
834 1466 876 1518 est
888 1466 1030 1518 utcareat
1041 1466 1160 1538 peccato

46 1615 50 1623 Ι
147 1541 288 1615 mortali,
302 1544 355 1605 boc
367 1542 446 1604 enim
464 1541 506 1602 ad
521 1541 621 1601 omnia
634 1550 820 1603 sacramenta
833 1541 1011 1623 requiritur,
1024 1543 1098 1627 quio
1104 1561 1162 1623 per

148 1635 364 1687 sacromentum
374 1624 508 1707 (ordinis)
519 1623 604 1686 bomo
618 1624 658 1684 ad
674 1623 871 1686 sublimiorem
883 1624 1011 1706 pradum
1024 1644 1162 1687 conscen-

148 1708 211 1782 dit,
230 1710 395 1791 requiritur
409 1710 443 1771 in
458 1725 490 1769 eo
505 1727 621 1770 morum
638 1708 788 1784 honestos,
802 1706 910 1771 scilicet
925 1717 961 1769 ut
971 1710 1013 1771 sit
1022 1707 1158 1781 sobrius,

148 1799 262 1869 costus,
275 1800 329 1852 etc.
344 1793 426 1854 Idem
444 1791 547 1852 dicunt
558 1790 651 1853 Solm.
669 1790 715 1871 (de
733 1809 809 1853 socr.
825 1790 888 1854 ord.
903 1800 940 1852 tr.
953 1795 983 1854 8.
996 1811 1022 1853 ι.
1035 1794 1065 1852 b.
1074 1812 1108 1873 p.
1123 1796 1156 1853 2.

148 1874 331 1953 n.bb.).·Ad
348 1876 400 1937 beo
419 1882 455 1935 ut
470 1871 580 1954 aliquis
597 1874 638 1935 ad
657 1874 772 1938 ordines
796 1884 1018 1957 promoveatur,
1042 1874 1160 1937 bonitas

148 1959 217 2022 oita
228 1959 408 2041 requiritur,
421 1972 483 2019 non
499 1955 554 2018 illa
573 1956 667 2020 solim
687 1976 753 2039 quse
770 1958 1012 2040 adreceptionem
1025 1959 1160 2020 omnium

147 2050 397 2104 armamentorum
409 2040 521 2103 licitam
535 2038 706 2123 postulatur
719 2085 727 2123 ,
741 2041 884 2103 nimirum
903 2042 982 2122 quid
999 2042 1040 2102 sit
1055 2060 1160 2122 expers

149 2125 265 2190 lethalis
285 2125 398 2210 culpa,
416 2126 467 2189 sed
487 2123 570 2187 ultrd
589 2125 767 2206 requiritur,
784 2126 862 2206 quat
874 2127 915 2187 sit
927 2126 1054 2188 bonestis
1067 2127 1161 2188 mari-

150 2210 203 2273 bus
219 2211 359 2274 imbutas.
380 2210 498 2277 Accedit
515 2212 554 2272 Ρ.
568 2206 759 2281 Holaruoun,
783 2209 833 2287 qui
853 2209 899 2288 (de
917 2210 1016 2272 ordin.
1039 2229 1071 2270 n.
1093 2210 1158 2286 96.)

149 2297 191 2356 sie
204 2298 246 2356 ait
265 2296 464 2376 :Requiritur
479 2299 509 2356 b.
528 2303 564 2354 ut
581 2294 785 2372 (ordinandus)
799 2292 938 2457 effuppoat
952 2291 1071 2375 speciali
1088 2294 1160 2354 vitoe
1212 2336 1214 2339 -
1262 2304 1266 2313 '

147 2378 292 2459 probitate
303 2403 314 2440 .·
326 2377 464 2462 speciali,
483 2379 608 2458 inquam
617 2401 628 2453 ,·
641 2396 702 2438 nort
721 2378 800 2438 enirn
817 2397 853 2439 su
888 2379 927 2438 cit
944 2377 985 2438 ad
998 2376 1161 2458 suscipien-

148 2461 202 2524 dos
214 2462 329 2524 ordines
348 2462 479 2543 probitas
496 2463 676 2535 communis,
693 2480 759 2542 quce
778 2460 817 2522 ad
830 2460 1161 2543 qualibetsoeramenta
1180 2467 1182 2473 '

148 2544 315 2623 recipiendo
327 2545 482 2625 armatur,
498 2544 549 2606 sed
568 2545 731 2606 necessario
749 2553 793 2606 est
805 2543 959 2626 specialis,
972 2564 1008 2605 ex
1021 2563 1082 2624 quo
1094 2561 1161 2626 spc-

149 2629 215 2688 rari
236 2628 329 2706 possit
349 2628 428 2706 fore,
449 2637 486 2688 ut
505 2626 689 2689 ordinandus
710 2630 782 2689 bono
810 2625 940 2708 exemplo
960 2625 1159 2709 praeluceat...

150 2711 289 2772 Consistit
306 2719 404 2770 autem
422 2707 557 2792 specialis
574 2709 629 2771 illo
639 2711 772 2791 probitas
788 2714 821 2772 in
832 2720 911 2772 recta
926 2712 1086 2772 interitione
1093 2728 1162 2795 spe-

147 2791 262 2853 cialiter
280 2793 426 2855 serviendi
435 2798 499 2854 Deo
504 2837 514 2870 ‚
535 2793 570 2854 in
588 2801 672 2855 costa
687 2802 715 2854 et
729 2795 828 2856 sobrio
844 2795 926 2868 vito,
941 2793 975 2855 in
994 2793 1070 2856 bono
1088 2812 1160 2855 con·

147 2876 310 2938 versatione
327 2876 499 2963 ordinandi.

186 2962 217 3022 si
231 2962 323 3041 igitur
335 2969 468 3031 eonstat.
482 2961 562 3039 qubd
575 2963 697 3022 clericus
714 2965 765 3041 qul
783 2964 819 3023 ad
836 2965 935 3024 altaris
954 2961 1161 3026 celsitudinem

149 3045 214 3106 vult
233 3046 407 3117 ascendere,
425 3062 486 3104 non
512 3045 626 3106 tantum
647 3045 663 3106 ir
685 3049 770 3125 eulpa
793 3048 909 3107 mortali
931 3046 1074 3105 immunis
1096 3064 1162 3106 esse

149 3131 255 3201 debet,
272 3129 322 3193 sed
335 3126 462 3207 amplius
478 3130 648 3207 praeselerre
662 3131 839 3206 probitatem
855 3129 1052 3201 habitualem,
1070 3137 1162 3206 atque

148 3213 221 3274 adeb
245 3214 453 3287 excellentem,
470 3221 504 3274 ut
521 3213 583 3273 hac
602 3213 710 3273 merim
727 3232 788 3277 esse
802 3214 891 3291 possit
902 3212 1078 3291 preparatio
1093 3230 1163 3271 ear·

52 3351 55 3355 .
147 3297 329 3372 respondens
345 3297 446 3375 gratioe
457 3315 514 3375 per
528 3306 742 3357 sacramentum
760 3297 873 3356 ordinis
887 3295 1076 3373 praesranuae,
1092 3313 1161 3372 qum

149 3379 299 3438 confertur
318 3397 371 3455 per
388 3380 510 3443 modum
526 3379 661 3451 habitus,
683 3383 745 3440 sive
762 3400 828 3458 quae
844 3380 1015 3451 confertur,
1030 3387 1064 3437 ut
1088 3397 1161 3455 per-

149 3459 240 3533 petub
254 3479 305 3518 sua
322 3463 481 3538 peculiaria
502 3464 610 3523 auxilia
628 3465 741 3524 tribuat
759 3464 894 3523 ordinato
909 3483 918 3538 3
933 3470 1046 3521 eertum
1068 3463 1161 3521 etiam

62 3596 70 3611 ,
149 3547 213 3606 cst,
233 3541 313 3614 qubd
332 3544 383 3600 ille
402 3546 454 3619 qui
476 3563 568 3620 usque
589 3547 685 3606 adhue
699 3549 732 3608 in
752 3548 878 3606 luxuriis
899 3555 943 3605 est
965 3556 1118 3619 versutus,
1136 3547 1161 3606 s'i

150 3619 225 3678 sorte
239 3624 408 3711 praestiterit
423 3628 565 3703 simplicia
575 3631 655 3708 signa
666 3631 926 3709 poenitcntiae,crit
935 3630 1055 3707 quidem
1068 3648 1161 3708 capax
