2602 4198
164 196 223 263 nt
383 196 491 262 etto.
509 152 948 280 manutentorem.

163 322 177 353 s
200 297 353 444 Ιῆνὲιὲαῑυω
364 306 440 444 ,gut
461 300 486 361 si
503 298 566 378 ipse
585 318 647 363 non
667 299 858 364 confirmatos
869 300 996 365 ordinet.
1012 300 1087 369 Vide
1100 306 1169 388 dep.

163 407 176 437 Ι
214 424 223 442 0
278 399 335 444 ,ω
358 424 366 442 e
401 423 411 442 e

200 400 371 542 (tueritne,
393 484 432 528 un
454 466 495 529 eit
512 466 656 548 obligatio
680 467 777 547 grania
797 468 973 549 suscipiendi
996 468 1053 533 hoc
1075 489 1170 535 secro-

163 559 298 613 mentum
322 557 391 612 enta
412 552 625 631 susceptionem
642 552 748 631 prime
764 557 911 614 tonsuret
928 552 1087 617 Affirmant
1098 559 1170 619 -Bo-

161 651 230 696 noe.
239 631 275 696 ‹ts
288 632 398 696 Ordine
407 652 440 716 p.
453 635 484 696 4.
497 654 529 695 n.
543 637 574 696 8.
586 634 681 698 ilenti
693 633 757 697 cod.
772 642 794 695 t.
808 654 839 716 p.
849 637 882 697 5.
897 654 965 699 cum
986 634 1076 701 Tolet.
1097 641 1171 701 For-

162 735 233 780 tior.
252 724 284 778 et
305 715 413 799 licini.
428 736 480 800 op.
491 717 586 781 14444.
596 737 668 801 pop.
684 721 717 780 2.
733 725 773 780 tr.
796 720 845 780 48.
864 736 893 782 r.
912 722 942 782 4.
967 738 1004 783 ex
1021 731 1168 801 precepto

168 800 475 866 mortetenus.
489 821 515 866 4.
531 805 561 865 4.
575 805 627 866 ubi
641 804 771 865 diciturc
786 803 891 866 Primo
905 811 1099 869 tonsurotton
1113 805 1169 869 itti·

163 885 294 959 tt'entur,
318 887 373 967 peti
389 894 606 949 accrementum
629 885 863 967 condonationis
889 906 951 950 eon
976 891 1167 971 susceperint.

163 966 200 1030 Bt
219 971 251 1031 ln
276 969 365 1049 hujus
388 972 526 1051 precepti
547 972 802 1035 confirmationem
824 970 918 1035 refert
941 972 1071 1034 44444444
1093 971 1114 1036 i.
1139 993 1167 1037 4.

163 1054 318 1133 quemdem
330 1055 554 1117 decltrstionem
565 1057 637 1117 S.C.
646 1055 767 1118 concilii
775 1056 825 1116 dic
834 1055 1166 1136 tnscptcmbrtstttt.

163 1155 215 1220 up.
229 1135 401 1211 Ne'ooiittm,
416 1139 468 1199 ubi
486 1139 599 1200 dictum
619 1140 695 1211 fuit,
709 1138 790 1218 qudd
805 1142 857 1220 qui
869 1140 1028 1218 susceperit
1039 1141 1169 1218 primum

162 1229 335 1296 tonsuram,
354 1223 402 1283 vel
423 1222 543 1286 ordines
556 1241 618 1283 non
632 1220 840 1295 confirmatus,
856 1233 998 1305 tanquam
1015 1223 1093 1286 note
1103 1243 1170 1304 pro·

161 1316 262 1367 motus
285 1324 346 1367 non
369 1307 463 1386 possit
483 1307 521 1368 ed
542 1308 614 1367 elios
634 1307 753 1367 ordines
771 1308 946 1381 ascendere,
960 1325 1015 1369 nec
1034 1308 1170 1387 recipere

161 1387 302 1452 beneficia
322 1390 387 1452 sinc
403 1390 486 1452 Sedis
513 1391 679 1471 spostolicae
703 1389 931 1470 dispensatione.
955 1392 1071 1469 Negent
1092 1391 1164 1455 vend

161 1474 211 1534 olii
234 1472 489 1549 communissime,
502 1473 583 1554 qudd
599 1475 718 1554 prelata
743 1476 833 1536 uerbo
856 1475 1024 1537 Tridentini
1045 1492 1168 1554 gravem

161 1556 370 1638 obligetionem
386 1558 569 1636 importent;
590 1559 631 1618 ito
650 1559 731 1619 Noe.
755 1559 845 1620 Men.
864 1578 892 1619 e.
917 1560 967 1622 22.
990 1576 1023 1619 e.
1045 1561 1076 1620 9.
1090 1572 1167 1623 cers.
1201 1586 1204 1591 ·

163 1641 290 1718 Quinte,
305 1642 356 1702 ubi
375 1642 418 1702 sic
435 1641 496 1701 sit:
513 1644 620 1703 Pectat
637 1640 692 1720 qui
701 1659 763 1702 noo
774 1660 805 1703 ee
822 1640 898 1721 socii
912 1639 1086 1722 confirmare
1095 1653 1169 1709 4444

159 1742 274 1786 omnem
287 1723 502 1785 ordinationem
510 1746 523 1801 ,·
540 1722 655 1786 4444444
669 1733 768 1786 temen
782 1743 937 1787 censuram
947 1728 1076 1791 incurrit
1081 1748 1091 1803 ,⁴
1102 1736 1168 1791 tum

159 1809 232 1889 quio
242 1806 307 1890 ejece
320 1805 487 1869 4444444444
505 1806 683 1889 sepiipentio
697 1828 758 1871 non
776 1816 820 1871 eet
837 1806 990 1887 mortalis,·
1009 1819 1073 1873 tuto
1093 1813 1168 1890 puio

159 1889 243 1955 nullo
251 1891 323 1974 jure
338 1888 372 1951 td
387 1900 516 1952 conetur.
534 1892 615 1953 Idem
638 1893 769 1953 sentiunt
779 1893 866 1954 Sotut
877 1891 909 1953 d.
921 1895 970 1955 24.
983 1912 1014 1975 p.
1025 1897 1055 1958 l.
1065 1903 1124 1959 ort.
1134 1897 1166 1957 4.

160 1978 251 2037 Scor.
265 1974 295 2038 d.
316 1977 364 2037 58.
378 1983 446 2036 eset.
462 1978 493 2037 4.
512 1993 543 2036 4.
563 1976 628 2050 Quo
641 1973 815 2048 eircd,Pcl.
828 1975 863 2040 de
880 1994 959 2039 cone.
976 1995 1009 2058 p.
1026 1980 1057 2040 8.
1077 1998 1110 2039 s.
1133 1981 1166 2041 6.

159 2058 263 2123 Eccob.
271 2058 333 2121 eod.
343 2058 388 2120 tit.
400 2077 434 2119 te.
443 2056 607 2121 49584444.
617 2058 651 2121 de
662 2057 794 2140 confirm.
805 2079 829 2120 e.
840 2061 870 2120 4.
879 2078 911 2140 p.
920 2061 950 2120 4.
960 2079 994 2123 n.
1005 2062 1164 2127 endunt.

157 2164 184 2209 4.
198 2146 228 2206 ὅ.
239 2143 265 2224 S.
279 2145 310 2205 4.
324 2163 354 2205 n.
373 2145 404 2205 4.
418 2143 513 2206 Dion.
529 2141 551 2206 l.
567 2163 599 2206 4..
610 2163 676 2206 enm
690 2144 778 2207 Acer.
797 2141 863 2209 Vol.
877 2143 955 2208 soit.
966 2148 1037 2208 Con.
1051 2154 1080 2208 et
1091 2146 1168 2213 Mol·
1297 2198 1298 2205 ,

158 2226 217 2312 fet.
239 2229 322 2292 idem
336 2229 428 2290 sentit
448 2228 603 2309 perdoctus
627 2225 817 2291 Consecuti.
833 2231 902 2291 tte.
922 2231 953 2290 5.
973 2249 1006 2292 n.
1026 2233 1075 2293 to.
1097 2251 1167 2313 eune

159 2312 323 2392 ommuni,
336 2313 446 2374 addens
460 2311 619 2384 Suetium,
642 2311 784 2375 conieci.
802 2314 881 2375 Noe.
906 2315 980 2376 Vici.
996 2321 1049 2376 444.
1060 2326 1165 2378 exten·

159 2396 230 2460 dere
243 2397 319 2459 hono
333 2395 497 2458 doctrinam
514 2397 604 2458 etiem
623 2395 661 2456 od
676 2397 843 2457 collationes
861 2398 1009 2460 ordinum.
1025 2400 1060 2460 Et
1083 2400 1164 2462 idem

158 2480 261 2543 dicunt
273 2482 355 2542 Noe.
369 2478 391 2540 4.
403 2498 428 2541 4.
440 2481 545 2560 Laym.
563 2499 589 2542 e.
604 2482 633 2541 4.
647 2499 680 2540 n.
699 2482 729 2542 4.
745 2481 782 2540 do
803 2483 944 2561 Episcopo
963 2480 1163 2545 ministrante.

158 2564 267 2639 Retio,
286 2566 332 2625 vol
351 2566 421 2644 quin
441 2564 530 2625 verbo
545 2564 661 2624 concilii
674 2564 766 2624 solnm
779 2566 974 2626 monitionem
990 2567 1162 2641 continent,

158 2646 227 2709 cium
244 2647 334 2709 verbo
365 2647 634 2726 imperativimodi
660 2665 715 2727 per
739 2666 771 2710 se
798 2666 859 2709 non
891 2648 1032 2710 inducant
1055 2667 1163 2727 procce-

157 2739 263 2813 ptum‚
283 2738 318 2791 ut
341 2729 444 2792 dicunt
465 2730 558 2812 Cojet.
575 2733 656 2793 Noe.
678 2732 740 2809 So,
753 2740 782 2793 44
803 2733 892 2814 Soyr.
914 2749 988 2811 quos
1004 2734 1163 2794 retulimus

157 2835 194 2882 ex
212 2817 309 2879 Glossu
328 2813 363 2874 t'n
376 2832 402 2875 4.
415 2816 446 2875 4.
462 2812 497 2877 de
519 2815 671 2897 prescrip.
689 2827 719 2877 et
743 2836 779 2878 ex
797 2819 839 2878 D.
863 2815 989 2891 utnon,
1001 2817 1053 2895 qui
1071 2819 1101 2879 2.
1127 2821 1160 2879 2.

158 2920 189 2983 p.
202 2902 268 2962 466.
280 2905 339 2959 ort.
356 2898 386 2959 8.
400 2897 441 2959 ad
450 2900 479 2960 2.
500 2898 589 2960 dicit:
603 2901 663 2960 Nec
676 2899 710 2961 in
723 2897 782 2982 depe
791 2898 926 2964 Ecclesite
937 2918 1035 2961 omnes
1045 2900 1165 2967 ordina·

159 2987 250 3048 tiones
264 2980 396 3062 oblipont
416 2978 458 3042 od
473 2979 617 3053 mortale,
639 2984 687 3044 vel
710 2986 777 3063 qula
794 2985 885 3046 verbo
909 2983 1077 3046 Tridentini
1097 3003 1162 3047 non

158 3068 310 3130 continent
323 3067 457 3153 strictum
468 3075 663 3145 preceptum,
677 3067 713 3130 cd
737 3067 817 3149 quod
841 3066 904 3129 hece
917 3084 978 3128 non
998 3070 1163 3131 estimetur

158 3150 279 3213 materie
296 3149 413 3228 gravis,
434 3156 485 3208 444
504 3147 583 3228 qnod
599 3160 779 3230 preceptum
797 3150 872 3212 ital
889 3151 1101 3212 consuetudine
1121 3153 1164 3214 sit

157 3236 396 3314 interpretatum.
411 3232 516 3295 licritd
533 3241 632 3296 tamen
647 3235 751 3299 dicunt
763 3235 874 3317 prelati
890 3244 1022 3298 unctores
1032 3279 1040 3310 ,
1051 3235 1082 3296 id
1097 3254 1163 3297 non

157 3317 287 3379 excusari
306 3315 324 3377 4
343 3316 449 3377 venisli
470 3315 582 3396 (contro
596 3315 684 3381 Holz.
697 3327 721 3382 t.
736 3323 766 3382 2.
786 3338 820 3402 p.
843 3320 894 3384 tt.
917 3336 950 3384 tt·
973 3320 1042 3384 248.
1061 3319 1162 3381 Grato.

157 3396 187 3458 d.
198 3401 227 3458 4.
239 3419 271 3460 η.
285 3401 314 3460 9.
328 3407 356 3459 44
371 3398 473 3461 Tomis.
486 3397 544 3463 loc.
558 3401 609 3465 eit.
628 3421 662 3463 4.
677 3406 706 3465 5.
721 3404 773 3484 qui
789 3404 901 3472 nnllam
920 3403 952 3469 ln
966 3400 1023 3464 hoo
1041 3402 1163 3485 culpem

157 3481 442 3578 agnoscuntlseltem
458 3482 499 3544 ob
520 3484 679 3561 qnamdam
692 3486 964 3562 deordinntioncm,
983 3502 1048 3567 quos
1060 3484 1092 3551 lu
1106 3484 1161 3546 teli

158 3571 313 3620 omissione
330 3566 534 3625 interveniret.
