2610 4186
174 295 233 359 998
310 293 376 358 tib.
390 298 420 357 6.
438 296 536 356 Troct.
551 294 581 356 9.
595 294 641 355 lle
655 290 847 356 6666666696
857 293 891 354 in
908 310 1023 373 966666.

176 388 219 449 9199
244 387 490 462 ministrandum,
512 393 601 467 prout
622 384 713 449 69966
735 385 774 448 66
793 394 973 447 sacramento
996 386 1180 464 pmuitentire

175 472 306 534 dicemus
324 491 358 533 6.
374 473 444 534 989.

214 557 258 618 996
277 559 366 618 etium
384 575 439 636 per
457 556 640 619 voluntatem
658 554 930 634 interpretativum,
943 570 995 615 seu
1011 556 1181 633 generalem

174 648 271 720 potest
292 640 470 703 moribundo
494 640 626 702 sensibus
651 639 792 700 destituto
816 639 942 700 conierri
966 648 1180 701 sacramentum

174 725 422 797 confirmationis,
441 732 477 785 ut
494 725 597 786 dicunt
615 721 748 805 tepori.
768 725 798 784 9.
814 740 897 785 num.
914 726 982 786 969.
995 723 1136 805 Sporerl.
1150 745 1178 785 6.

176 810 292 870 6..969
301 805 386 871 attat
400 771 431 871 ci.
449 828 481 890 p
493 810 541 870 97
552 808 680 870 citrosa
694 796 745 869 66
757 807 786 868 6.
797 824 832 889 p.
845 811 874 868 9.
887 826 920 868 av.
935 809 1002 868 969.
1013 811 1177 871 66666666.

174 892 285 975 Arno
285 913 322 964 6
336 899 367 953 69
381 889 747 972 compescuerant.
765 892 838 952 8.n.
852 892 1180 969 hh.).litrdemdrcunt

174 976 212 1038 dc
226 987 408 1038 sacramento
421 975 608 1039 Eucharistiae
621 974 745 1057 96966.
764 979 793 1037 9.
807 996 840 1036 6.
859 979 926 1037 996.
938 978 1045 1057 Sporer
1059 973 1114 1038 tce.
1128 979 1179 1039 eit.

174 1069 204 1122 69
216 1060 305 1123 Croto
324 1064 494 1124 66668666.
513 1057 888 1133 sacracramenti,
906 1069 960 1121 696.

211 1146 435 1209 Sacramentum
452 1155 541 1207 auten
558 1146 712 1224 baptismi,
729 1154 759 1206 et
780 1144 891 1206 ordinis
911 1144 1039 1208 invalide
1057 1145 1181 1225 ciuilem

174 1231 323 1292 66696966
334 1229 510 1292 habentibus
519 1230 611 1291 solam
621 1230 816 1290 intentionem
827 1229 1182 1309 interpretativum,quia

174 1317 237 1376 sine
246 1314 397 1376 voluntate
407 1315 543 1393 explicita
555 1332 642 1374 nemo
651 1313 738 1374 debet
751 1313 850 1374 subire
862 1312 1070 1392 obligationem
1079 1316 1181 1394 legum

173 1400 321 1471 Ecclesia,
332 1410 363 1460 et
372 1398 464 1460 status
477 1400 628 1460 clericalis.
638 1400 680 1460 lta
694 1397 1020 1481 communiteanqoct.
1028 1400 1058 1460 9.
1066 1418 1099 1461 n.
1108 1404 1177 1463 999.

172 1492 201 1546 69
217 1485 282 1545 997.
296 1502 332 1544 oo
350 1484 425 1546 Viuo
443 1480 479 1543 tle
495 1499 571 1544 6666.
586 1501 615 1561 9.
631 1483 706 1543 9.6.
720 1484 749 1543 7.
763 1501 796 1543 6.
815 1483 845 1542 a.
857 1485 927 1544 696
940 1484 1108 1544 66668666.
1122 1495 1178 1547 696.

172 1566 382 1629 Verumtamen
407 1567 512 1627 Gonia.
527 1567 613 1648 Sper
630 1568 744 1628 Dicant.
760 1576 814 1629 696.
835 1586 887 1649 op.
908 1565 1032 1630 Croint.
1051 1570 1082 1629 6.
1072 1588 1131 1650 0p.
1147 1573 1177 1631 9.

171 1669 204 1712 6.
219 1652 287 1712 968.
300 1659 419 1711 censent
435 1650 472 1710 acl
493 1649 711 1750 suscipiendum
733 1651 911 1730 baptismum
929 1652 1061 1713 sufficere
1078 1653 1181 1715 inten-

171 1734 284 1795 tiooem
303 1714 475 1812 implicitam
497 1743 664 1795 contentam
688 1735 720 1795 in
739 1736 937 1806 contritione,
956 1736 1004 1796 vel
1024 1737 1178 1798 attritione

171 1815 271 1878 hahita
289 1815 306 1878 i
323 1819 508 1914 suscipiente
525 1819 576 1879 llis
589 1820 794 1880 cunundicunt
805 1819 895 1882 Scor.
909 1816 1013 1880 etalii.
1024 1821 1082 1880 Sed
1098 1821 1178 1883 66696

171 1902 253 1982 9696
265 1920 297 1962 6.
313 1902 380 1962 999.
394 1903 520 1980 primam
533 1903 708 1963 sententiam
722 1905 763 1963 ait
775 1919 859 1981 posse
870 1900 979 1964 habere
997 1904 1095 1965 locum
1110 1914 1179 1965 tan·

172 1984 235 2044 tium
247 1984 278 2044 ia
289 1984 400 2046 infideli
412 2031 421 2060 ,
434 1985 484 2063 969
496 2003 612 2064 semper
626 1987 837 2048 invincibiliter
847 2004 945 2048 veram
957 1987 1048 2048 iidem
1058 1988 1178 2067 ignora·

171 2069 257 2131 uerit.
266 2069 311 2130 ad
321 2080 537 2131 sacramentum
548 2080 647 2132 autem
658 2071 838 2149 poenitcntinr
853 2090 913 2132 non
929 2071 1036 2133 sufficit
1050 2072 1177 2136 intentio

171 2173 267 2233 nuque
290 2154 536 2235 interpretativa,
559 2172 656 2233 66966
679 2155 854 2233 habitualis,
875 2154 925 2217 sad
946 2156 1109 2235 requiritur
1130 2158 1179 2218 in-

170 2240 264 2300 tentio
278 2241 327 2301 vel
345 2241 464 2300 actualis
474 2283 482 2311 ,
494 2239 542 2300 vel
554 2241 656 2302 saltem
670 2241 821 2313 virtualis,
839 2239 908 2303 cium
927 2241 969 2302 ihi
985 2242 1177 2318 requirantur

170 2338 225 2401 pro
240 2324 361 2385 materia
373 2332 454 2384 actus
469 2325 656 2402 poenitentis,
669 2325 720 2403 qui
732 2342 792 2384 non
804 2334 925 2402 possunt
938 2325 1058 2404 quidem
1071 2323 1176 2386 haberi

170 2408 234 2466 sine
254 2408 406 2469 voluntate
431 2409 534 2470 saltem
560 2409 678 2469 virtuali
702 2409 862 2488 recipiendi
885 2416 1122 2485 sacramentum
1145 2419 1177 2471 et

170 2490 226 2549 hoc
243 2492 404 2553 tenendum
420 2491 523 2553 saltem
541 2494 571 2553 in
593 2494 695 2569 praxi,
714 2500 799 2570 Juxta
815 2490 937 2554 dicenda
955 2492 991 2554 de
1004 2511 1081 2555 6666.
1092 2511 1175 2573 poere.

170 2592 252 2635 num.
285 2577 354 2637 967.
382 2576 428 2636 Ad
449 2587 663 2637 sacramentum
695 2576 768 2639 vcrh
796 2578 977 2639 matrimonii
1013 2578 1178 2655 suscipien-

168 2658 263 2730 dum,
291 2659 370 2719 66696
390 2678 451 2719 666
473 2661 581 2720 sufficit
608 2663 734 2722 intentio
760 2662 980 2738 interpretativa
1003 2681 1012 2721 a
1035 2658 1087 2720 scu
1108 2661 1174 2717 sai-

169 2744 258 2804 66666
278 2742 435 2819 aliquando
457 2742 637 2805 habitualem
656 2754 775 2806 censcnt
784 2741 903 2808 116966.
917 2753 939 2805 t.
950 2748 980 2806 9.
988 2762 1023 2826 p.
1036 2744 1066 2805 8.
1078 2761 1112 2803 6.
1123 2745 1174 2804 56.

171 2824 259 2887 66696
274 2821 296 2886 l.
316 2826 344 2887 6.
358 2844 391 2905 p.
409 2827 438 2884 9.
452 2845 484 2886 6.
503 2829 571 2887 lit.
591 2846 657 2888 6666
676 2830 801 2908 Spore,
822 2826 1047 2909 1996966969,
1065 2834 1120 2887 696.
1138 2828 1178 2889 Et

169 2929 267 2973 casum
285 2909 415 2971 accidere
436 2928 538 2987 posse,
558 2909 599 2970 ait
620 2912 730 3010 troia,
755 2911 873 3012 9666696
894 2913 1058 2973 celebratur
1070 2911 1177 2970 matri-

168 2996 302 3058 666966
323 3013 376 3074 pcr
395 3002 638 3073 procuratorem
653 2997 722 3073 quia
738 2999 763 3057 si
781 2996 830 3058 hic
843 2995 990 3056 contrahit
1001 2995 1074 3056 dum
1087 2994 1177 3091 prin·

115 3106 118 3113 ⁴
168 3081 267 3172 cipalis
280 3080 391 3141 dormit
399 3077 572 3169 ,perlinitur
585 3081 808 3139 matrimonium
827 3097 896 3138 cum
909 3080 1075 3139 intentione
1090 3078 1179 3168 prin

169 3159 285 3235 cipalis,
296 3175 363 3233 9666
377 3173 436 3215 non
448 3156 532 3216 aliter
543 3155 631 3253 quim
645 3154 800 3215 habitualis
811 3155 869 3215 dici
886 3165 994 3233 potest.
1005 3151 1177 3216 8696669696

165 3243 253 3301 666969
262 3242 344 3321 Lupo
359 3238 389 3301 d
399 3242 429 3300 6.
440 3259 472 3300 6.
484 3241 571 3300 iti:
563 3258 595 3299 un
609 3240 798 3300 matrimonio
809 3257 925 3317 semper
937 3238 1050 3317 requiri
1042 3238 1177 3296 volun-

167 3333 258 3384 tatem
274 3325 377 3383 saltem
390 3325 547 3385 virtualem
558 3324 648 3401 ,9696
662 3321 730 3383 666
745 3332 870 3401 uterque
883 3321 991 3399 conjux
1001 3339 1063 3384 non
1077 3317 1178 3380 solinu

165 3407 204 3464 sit
225 3409 403 3484 suscipiens,
425 3409 475 3468 sed
497 3411 587 3467 etiam
611 3408 747 3468 minister
772 3407 1002 3479 sacramenti,
993 3404 1178 3482 6669696996

166 3502 269 3549 66666
281 3488 360 3549 certe
372 3492 536 3568 requiritur
553 3509 586 3550 ea
599 3493 725 3552 intentio
738 3493 853 3570 qualis
845 3509 876 3552 rn
889 3490 1033 3551 ministris
1047 3489 1178 3551 aliorum

163 3580 411 3630 sacramentorum
427 3575 573 3650 exigitur,
594 3583 629 3634 ut
645 3575 775 3635 diximus
788 3594 819 3635 6.
832 3577 880 3636 96.
894 3575 982 3635 6998.
993 3576 1029 3635 ln
1045 3570 1172 3651 prealato

165 3652 262 3702 autem
280 3667 346 3708 cusu
367 3656 585 3729 procuratoris,
602 3657 681 3717 rooth
700 3657 773 3720 dicit
787 3660 871 3740 6696
886 3676 918 3719 n.
939 3652 1172 3734 rinnandins
