2576 4168
38 235 39 238 ’
144 246 162 302 2
350 240 413 304 Lt'b.
434 243 461 300 b.
479 223 680 320 Deprccreptis
691 236 932 319 particularibus.

144 345 345 404 commendam
360 342 550 418 temporalem
569 361 576 397 ι
594 358 660 417 que
673 358 732 400 non
743 350 812 400 suut
824 341 980 415 beneficia,
994 340 1146 422 dequibus

144 445 268 487 canones
282 429 458 504 loquuntur.

186 508 417 589 «Dicituripus
431 516 604 587 perpetuum
615 530 626 567 .-
637 508 706 585 quia
719 508 751 568 in
769 509 912 569 beneficio
930 508 990 568 duo
998 508 1094 585 jurab
1115 526 1147 570 so

143 618 156 646 ιι
182 593 284 655 mutub
307 592 481 673 separabilia
491 591 740 668 distinguuntuns
758 595 785 653 t.
812 590 927 667 Bobius
948 611 1002 657 sou
1062 601 1147 652 testas

143 703 156 729 ιι
181 677 334 737 exercendi
352 674 671 751 munerisspiaitualis,
686 672 974 753 euqaesimplleiter
986 694 1020 754 aa
1045 677 1146 749 itacio.

143 786 155 813 ιι
181 763 314 821 Alterum
336 769 379 820 ost
400 759 449 836 jus
470 758 649 836 percipiendi
669 759 784 818 reditus
812 760 1046 836 ecclesiasticos:
1069 762 1148 838 quod

142 869 156 898 ιι
180 847 233 905 etsi
253 843 415 904 secundum
427 859 458 902 se
467 843 506 901 sit
518 842 699 919 temporale,
715 842 859 919 quatenus
885 853 982 903 tamen
1008 844 1149 904 landatur

143 952 156 980 ιι
182 928 213 987 in
226 929 322 988 officio
331 925 497 1005 spirituali,
517 926 602 1003 eiquo
612 942 760 986 annexum
774 934 835 998 est,
849 926 1086 1005 spiritualitatem
1095 928 1149 986 ali-

142 1034 157 1064 ιι
181 1029 271 1088 quam
286 1010 452 1089 participat.

184 1116 198 1144 ιι
217 1095 332 1153 Dicitur
345 1094 375 1152 b.
389 1090 561 1151 amputate
573 1086 721 1162 Ecclesiae,
745 1100 811 1164 etc,
825 1092 903 1170 quia
916 1093 1008 1155 solius
1035 1093 1147 1171 praelati

141 1200 154 1228 ιι
180 1184 223 1236 est
254 1177 347 1237 officia
364 1176 396 1234 in
417 1175 542 1233 Ecclesia
564 1175 736 1246 instituere,
761 1176 861 1252 eisque
877 1183 1038 1253 proventus
1059 1178 1149 1235 eccle·

140 1283 154 1312 ιι
179 1260 306 1319 siastioos
316 1267 470 1318 annectere
483 1279 492 1332 3
505 1258 654 1334 ipsiusque
664 1268 708 1318 est
719 1261 883 1336 respicere,
898 1269 973 1336 quot
987 1303 997 1333 ,
1009 1268 1041 1320 ot
1053 1261 1149 1338 quali-

127 1366 154 1402 ,ιι
178 1343 234 1402 bus
246 1342 394 1402 ministris
416 1341 541 1405 Ecclesia
552 1343 647 1417 egeat.
674 1348 678 1355 ’
738 1358 743 1369 ’

178 1427 228 1485 ga,
241 1459 280 1472 ...
292 1450 306 1477 a
320 1427 408 1502 Resp·
420 1425 449 1483 ἢ.
464 1423 643 1483 Beneficium
658 1425 803 1485 dividitur
816 1429 844 1485 l.
854 1428 886 1485 in
901 1426 1050 1499 seculare,
1068 1428 1147 1505 quod

139 1526 231 1586 apro
257 1508 465 1579 sacularibus,
494 1516 524 1566 et
549 1509 703 1585 regulare,
725 1509 804 1582 quod
829 1528 884 1587 pro
904 1511 1087 1588 regularibus
1105 1519 1149 1572 est

139 1616 152 1644 ιι
176 1593 358 1652 institutum.
375 1591 528 1661 Undesine
550 1590 770 1671 dispensatione.
781 1594 981 1663 neesaecularc
996 1596 1145 1672 regulari,

138 1701 150 1729 ι
175 1694 229 1736 nee
244 1673 345 1736 contr'a
363 1676 491 1735 conferri
510 1683 617 1753 potest.
629 1675 721 1735 Porrb
742 1695 830 1737 omne
845 1676 1020 1737 beneficium
1037 1697 1148 1755 praesu-

137 1784 150 1813 ιι
175 1762 267 1821 mitur
288 1777 350 1820 esse
373 1761 531 1831 saeculare,
553 1760 609 1823 nisi
622 1761 767 1839 probetur
781 1779 842 1821 esse
867 1763 1022 1839 regulare,
1040 1763 1086 1820 vel
1108 1780 1145 1822 ex

136 1869 149 1897 ι
175 1844 268 1922 prima
280 1844 325 1902 sui
344 1843 544 1914 institutione,
570 1844 617 1902 vel
636 1861 689 1922 per
709 1847 917 1921 possessionem
938 1844 1087 1922 pacificam
1100 1848 1145 1914 ,40

136 1952 150 1980 ιι
174 1945 320 1989 annorum
334 1972 342 1998 ,
356 1942 410 2005 per
423 1926 578 1987 camenim
588 1928 812 2008 enisaeaulariiit
824 1929 1010 2006 regular-emt
1026 1929 1140 1989 centri.

173 2036 187 2063 ιι
198 2010 416 2087 &beneficium
431 2010 561 2070 aliudest
574 2011 700 2089 duplex,
714 2012 794 2071 aliud
804 2011 1143 2088 simplextlluplexdici-

132 2121 146 2150 ι
172 2088 386 2172 conquadrat
406 2092 476 2158 eum
487 2094 759 2168 administratione,
776 2106 810 2157 ut
827 2097 968 2172 matus,
986 2096 1143 2172 Episcopo

133 2203 148 2232 ιι
170 2188 236 2248 tus,
256 2186 286 2237 et
305 2179 405 2237 omnia
417 2192 483 2254 quac
500 2177 641 2238 dicuntur
661 2179 832 2257 dignitatis,
850 2177 906 2241 hoe
924 2186 988 2249 est,
1007 2176 1141 2255 quaeha-

136 2286 149 2312 ιι
174 2261 244 2319 bont
267 2261 537 2337 praeminentiam,
557 2280 626 2329 curn
640 2260 847 2338 jurisdictione
870 2263 902 2321 in
917 2259 988 2327 ibro,
1001 2270 1138 2332 mterpo,

131 2366 144 2394 ιι
169 2352 202 2400 ιιι
223 2344 436 2419 praepositura,
454 2343 626 2415 decanatus,
650 2342 922 2416 archidiaconatus,
939 2343 1054 2407 abbatia
1077 2344 1140 2402 sive
1223 2367 1227 2373 ·

131 2449 144 2477 ιι
167 2426 312 2483 saecularis
330 2426 393 2483 aive
404 2428 567 2502 regularis,
584 2428 733 2504 prioratus
747 2427 918 2487 claustralis.
938 2428 1011 2485 ltem
1037 2443 1138 2502 perso·

130 2530 143 2558 ιι
168 2517 269 2578 natus,
291 2509 343 2584 qui
369 2517 412 2568 est
437 2506 596 2568 eminentia
624 2510 656 2569 in
674 2512 798 2573 Ecclesia
820 2513 883 2570 sine
911 2509 1135 2586 jurisdictione,

129 2615 142 2642 ιι
167 2607 197 2647 ν.
213 2608 260 2668 gr.
277 2591 357 2650 loeus
372 2590 552 2652 honorificus
564 2593 597 2653 in
608 2592 721 2669 choro,
746 2596 778 2654 in
800 2592 1050 2674 processionibus,
1075 2593 1138 2651 sui·

129 2696 144 2724 ιι
164 2672 264 2750 fragiis
277 2674 407 2734 ferendis
421 2718 429 2746 ,
443 2686 477 2734 uc
488 2678 618 2742 cantoria
630 2684 659 2736 et
667 2676 788 2737 similes.
806 2681 881 2736 ltem
895 2675 1054 2747 beneficia,
1068 2694 1136 2751 quaa

128 2777 142 2806 ι
165 2754 306 2815 dicuntur
319 2757 430 2830 officia,
451 2757 914 2836 habentqueaduu'nistrationem
932 2760 1138 2829 rerumeoclo·

127 2861 141 2888 ιι
166 2835 349 2896 siasticarum
363 2841 427 2898 sine
435 2838 640 2916 jurisdictione
650 2885 658 2914 ,
669 2851 705 2902 ut
716 2853 828 2914 custos,
843 2841 1058 2912 thesaurarius,
1072 2841 1137 2917 pri·

126 2941 140 2970 ιι
165 2920 302 2979 miserius
314 2964 323 2993 ,
339 2922 585 3002 archipresbyter.
597 2927 730 3003 Denique
740 2927 778 2987 du
781 2927 872 3007 plicia
878 2926 1016 2986 dicuntur
1028 2924 1137 2984 benefi-

125 3026 139 3055 ιι
164 3003 208 3061 cia
224 3013 340 3081 curata3
361 3005 422 3076 baec
432 3010 512 3076 enim
526 3009 625 3068 omnia
641 3009 751 3087 duplici
769 3029 876 3083 onere,
890 3018 919 3070 et
933 3010 1002 3068 cura
1014 3010 1135 3069 constri-

124 3109 138 3137 ιι
163 3095 208 3145 cta
221 3097 395 3161 censentur,
420 3090 488 3149 eiam
502 3100 609 3168 praeter
621 3093 824 3152 recitationem
851 3098 972 3170 precum
992 3092 1133 3153 omnibus

123 3189 137 3219 ι
162 3185 369 3243 communem,
388 3171 514 3232 habeant
539 3175 667 3250 aliquam
679 3175 986 3245 administrationem,
1006 3183 1037 3233 et
1056 3175 1132 3233 emi-

122 3272 138 3301 ιι
162 3253 303 3328 nuntiam.
329 3254 478 3332 Simplicia
497 3254 663 3328 dicantar,
683 3272 750 3334 que
768 3257 885 3329 mutum
907 3266 978 3321 suut
994 3257 1130 3331 instimta

122 3353 137 3383 ιι
161 3332 198 3390 ad
222 3333 316 3412 officia
335 3335 439 3397 divana
459 3337 612 3409 obeunda,
634 3356 732 3417 oeque
753 3340 1055 3411 administrationem,
1080 3340 1129 3403 vel

122 3434 137 3467 ι
160 3415 351 3495 eminentiam
369 3420 549 3496 singularem
564 3419 693 3498 babeam
707 3424 941 3491 ut‘eanonicatua
963 3422 1024 3480 sive
1042 3439 1130 3491 west·

122 3518 136 3547 ιι
160 3497 253 3569 lares,
272 3498 335 3559 slva
348 3505 513 3578 regulares,
527 3506 705 3583 capellaniae»
721 3505 913 3583 vicepapa.
923 3524 949 3564 o.
960 3507 989 3564 b.
1004 3523 1036 3565 a·
1052 3506 1081 3571 da
1099 3514 1129 3564 et

122 3599 136 3627 ιι
161 3580 239 3637 loss.
260 3577 323 3639 tr.
337 3599 362 3640 a.
376 3584 506 3643 bamb.
1020 3610 1023 3615 ·
1046 3610 1049 3617 ⁴
