<?xml version="1.0" encoding="UTF-8"?>
<!DOCTYPE html PUBLIC "-//W3C//DTD XHTML 1.0 Transitional//EN"
    "http://www.w3.org/TR/xhtml1/DTD/xhtml1-transitional.dtd">
<html xmlns="http://www.w3.org/1999/xhtml" xml:lang="en" lang="en">
 <head>
  <title>
</title>
<meta http-equiv="Content-Type" content="text/html;charset=utf-8" />
  <meta name='ocr-system' content='tesseract 3.04.00' />
  <meta name='ocr-capabilities' content='ocr_page ocr_carea ocr_par ocr_line ocrx_word'/>
</head>
<body>
  <div class='ocr_page' id='page_1' title='image "./theologiamorali02heilgoog_0410.png"; bbox 0 0 2602 4198; ppageno 0'>
   <div class='ocr_carea' id='block_1_1' title="bbox 373 210 1144 307">
    <p class='ocr_par' dir='ltr' id='par_1_1' title="bbox 373 210 1144 307">
     <span class='ocr_line' id='line_1_1' title="bbox 373 210 1144 307; baseline 0.014 -21"><span class='ocrx_word' id='word_1_1' title='bbox 373 224 445 307; x_wconf 84' lang='lat' dir='ltr'><strong>Cap.</strong></span> <span class='ocrx_word' id='word_1_2' title='bbox 460 210 925 306; x_wconf 75' lang='lat' dir='ltr'><strong>2.Dooonllmnolione.llul.l.</strong></span> <span class='ocrx_word' id='word_1_3' title='bbox 1090 230 1144 297; x_wconf 87' lang='lat' dir='ltr'><strong>tot</strong></span> 
     </span>
    </p>
   </div>
   <div class='ocr_carea' id='block_1_2' title="bbox 47 322 1147 1833">
    <p class='ocr_par' dir='ltr' id='par_1_2' title="bbox 47 322 1147 1833">
     <span class='ocr_line' id='line_1_2' title="bbox 139 322 1147 411; baseline 0.002 -23"><span class='ocrx_word' id='word_1_4' title='bbox 139 342 209 388; x_wconf 77' lang='lat' dir='ltr'><strong>nean</strong></span> <span class='ocrx_word' id='word_1_5' title='bbox 218 322 360 407; x_wconf 74' lang='lat' dir='ltr'><strong>conferre.</strong></span> <span class='ocrx_word' id='word_1_6' title='bbox 374 324 505 387; x_wconf 88' lang='lat' dir='ltr'><strong>Dicendo</strong></span> <span class='ocrx_word' id='word_1_7' title='bbox 518 325 609 404; x_wconf 78' lang='lat' dir='ltr'><strong>igitur</strong></span> <span class='ocrx_word' id='word_1_8' title='bbox 626 326 779 401; x_wconf 81' lang='lat' dir='ltr'><strong>Pontifex,</strong></span> <span class='ocrx_word' id='word_1_9' title='bbox 794 324 980 390; x_wconf 79' lang='lat' dir='ltr'><strong>elrisntondo</strong></span> <span class='ocrx_word' id='word_1_10' title='bbox 990 328 1147 411; x_wconf 80' lang='lat' dir='ltr'><strong>perimpo-</strong></span> 
     </span>
     <span class='ocr_line' id='line_1_3' title="bbox 137 406 1144 493; baseline 0.004 -23"><span class='ocrx_word' id='word_1_11' title='bbox 137 408 276 472; x_wconf 79' lang='lat' dir='ltr'><strong>silionem</strong></span> <span class='ocrx_word' id='word_1_12' title='bbox 291 408 415 485; x_wconf 74' lang='lat' dir='ltr'><strong>montis,</strong></span> <span class='ocrx_word' id='word_1_13' title='bbox 427 415 561 486; x_wconf 79' lang='lat' dir='ltr'><strong>patenter</strong></span> <span class='ocrx_word' id='word_1_14' title='bbox 578 408 663 469; x_wconf 86' lang='lat' dir='ltr'><strong>docet</strong></span> <span class='ocrx_word' id='word_1_15' title='bbox 673 453 683 483; x_wconf 96' lang='lat'><strong>,</strong></span> <span class='ocrx_word' id='word_1_16' title='bbox 695 410 828 471; x_wconf 87' lang='lat' dir='ltr'><strong>eamdem</strong></span> <span class='ocrx_word' id='word_1_17' title='bbox 836 412 979 493; x_wconf 82' lang='lat' dir='ltr'><strong>actionem</strong></span> <span class='ocrx_word' id='word_1_18' title='bbox 995 406 1057 472; x_wconf 73' lang='lat' dir='ltr'><strong>esse</strong></span> <span class='ocrx_word' id='word_1_19' title='bbox 1071 412 1144 475; x_wconf 81' lang='lat' dir='ltr'><strong>chni-</strong></span> 
     </span>
     <span class='ocr_line' id='line_1_4' title="bbox 47 488 1146 575; baseline 0.005 -22"><span class='ocrx_word' id='word_1_20' title='bbox 47 488 52 499; x_wconf 84' lang='lat'><strong><em>‘</em></strong></span> <span class='ocrx_word' id='word_1_21' title='bbox 137 509 253 571; x_wconf 79' lang='lat' dir='ltr'><strong>emaus,</strong></span> <span class='ocrx_word' id='word_1_22' title='bbox 271 499 301 552; x_wconf 87' lang='lat' dir='ltr'><strong>et</strong></span> <span class='ocrx_word' id='word_1_23' title='bbox 314 492 467 570; x_wconf 76' lang='lat' dir='ltr'><strong>imponere</strong></span> <span class='ocrx_word' id='word_1_24' title='bbox 482 508 603 564; x_wconf 89' lang='lat' dir='ltr'><strong>manus,</strong></span> <span class='ocrx_word' id='word_1_25' title='bbox 615 490 687 554; x_wconf 79' lang='lat' dir='ltr'><strong>daim</strong></span> <span class='ocrx_word' id='word_1_26' title='bbox 702 495 733 554; x_wconf 90' lang='lat' dir='ltr'><strong>in</strong></span> <span class='ocrx_word' id='word_1_27' title='bbox 752 490 813 573; x_wconf 87' lang='lat' dir='ltr'><strong>ipsa</strong></span> <span class='ocrx_word' id='word_1_28' title='bbox 830 492 1036 556; x_wconf 80' lang='lat' dir='ltr'><strong>chrismatioue</strong></span> <span class='ocrx_word' id='word_1_29' title='bbox 1051 496 1146 575; x_wconf 88' lang='lat' dir='ltr'><strong>impo-</strong></span> 
     </span>
     <span class='ocr_line' id='line_1_5' title="bbox 136 573 1146 661; baseline 0.002 -24"><span class='ocrx_word' id='word_1_30' title='bbox 136 574 321 647; x_wconf 82' lang='lat' dir='ltr'><strong>sitiomands</strong></span> <span class='ocrx_word' id='word_1_31' title='bbox 337 573 499 636; x_wconf 75' lang='lat' dir='ltr'><strong>necessarii</strong></span> <span class='ocrx_word' id='word_1_32' title='bbox 510 575 688 636; x_wconf 74' lang='lat' dir='ltr'><strong>continetur.</strong></span> <span class='ocrx_word' id='word_1_33' title='bbox 699 578 770 661; x_wconf 81' lang='lat' dir='ltr'><strong>ipso</strong></span> <span class='ocrx_word' id='word_1_34' title='bbox 787 576 866 638; x_wconf 85' lang='lat' dir='ltr'><strong>enine</strong></span> <span class='ocrx_word' id='word_1_35' title='bbox 878 578 992 654; x_wconf 82' lang='lat' dir='ltr'><strong>unctio,</strong></span> <span class='ocrx_word' id='word_1_36' title='bbox 1003 586 1032 638; x_wconf 87' lang='lat' dir='ltr'><strong>et</strong></span> <span class='ocrx_word' id='word_1_37' title='bbox 1049 577 1146 659; x_wconf 73' lang='lat' dir='ltr'><strong>sipon</strong></span> 
     </span>
     <span class='ocr_line' id='line_1_6' title="bbox 64 655 1143 741; baseline 0.003 -22"><span class='ocrx_word' id='word_1_38' title='bbox 64 723 69 733; x_wconf 35' lang='lat'><strong><em>¹</em></strong></span> <span class='ocrx_word' id='word_1_39' title='bbox 137 661 204 731; x_wconf 84' lang='lat' dir='ltr'><strong>tio,</strong></span> <span class='ocrx_word' id='word_1_40' title='bbox 225 660 266 719; x_wconf 85' lang='lat' dir='ltr'><strong>ait</strong></span> <span class='ocrx_word' id='word_1_41' title='bbox 288 655 432 720; x_wconf 81' lang='lat' dir='ltr'><strong>Bellorm.</strong></span> <span class='ocrx_word' id='word_1_42' title='bbox 455 675 481 722; x_wconf 87' lang='lat' dir='ltr'><strong>c.</strong></span> <span class='ocrx_word' id='word_1_43' title='bbox 503 660 533 720; x_wconf 76' lang='lat'><strong>2.</strong></span> <span class='ocrx_word' id='word_1_44' title='bbox 558 660 667 721; x_wconf 81' lang='lat' dir='ltr'><strong>mancis</strong></span> <span class='ocrx_word' id='word_1_45' title='bbox 682 658 829 741; x_wconf 76' lang='lat' dir='ltr'><strong><em>impositio</em></strong></span> <span class='ocrx_word' id='word_1_46' title='bbox 845 660 1002 724; x_wconf 74' lang='lat' dir='ltr'><strong>notissime</strong></span> <span class='ocrx_word' id='word_1_47' title='bbox 1025 660 1143 723; x_wconf 82' lang='lat' dir='ltr'><strong>dieitur.</strong></span> 
     </span>
     <span class='ocr_line' id='line_1_7' title="bbox 138 738 1144 826; baseline 0.004 -23"><span class='ocrx_word' id='word_1_48' title='bbox 138 740 224 804; x_wconf 81' lang='lat' dir='ltr'><strong>Unde</strong></span> <span class='ocrx_word' id='word_1_49' title='bbox 233 741 332 804; x_wconf 74' lang='lat' dir='ltr'><strong>Monoi</strong></span> <span class='ocrx_word' id='word_1_50' title='bbox 341 742 371 803; x_wconf 92' lang='grc'><strong>7.</strong></span> <span class='ocrx_word' id='word_1_51' title='bbox 386 741 452 803; x_wconf 79' lang='lat' dir='ltr'><strong>celon</strong></span> <span class='ocrx_word' id='word_1_52' title='bbox 465 738 662 824; x_wconf 86' lang='lat' dir='ltr'><strong>postulassent</strong></span> <span class='ocrx_word' id='word_1_53' title='bbox 679 742 1026 826; x_wconf 79' lang='lat' dir='ltr'><strong>quidam,ut1lominus</strong></span> <span class='ocrx_word' id='word_1_54' title='bbox 1036 763 1144 807; x_wconf 78' lang='lat' dir='ltr'><strong>omnus</strong></span> 
     </span>
     <span class='ocr_line' id='line_1_8' title="bbox 135 822 1145 911; baseline 0.002 -24"><span class='ocrx_word' id='word_1_55' title='bbox 135 825 300 908; x_wconf 79' lang='lat' dir='ltr'><strong>imponeret</strong></span> <span class='ocrx_word' id='word_1_56' title='bbox 323 823 471 901; x_wconf 83' lang='lat' dir='ltr'><strong>lunatico,</strong></span> <span class='ocrx_word' id='word_1_57' title='bbox 485 822 535 886; x_wconf 77' lang='lat' dir='ltr'><strong>itte</strong></span> <span class='ocrx_word' id='word_1_58' title='bbox 556 824 589 886; x_wconf 74' lang='lat' dir='ltr'><strong>tl</strong></span> <span class='ocrx_word' id='word_1_59' title='bbox 604 823 691 906; x_wconf 78' lang='lat' dir='ltr'><strong>feeit,</strong></span> <span class='ocrx_word' id='word_1_60' title='bbox 711 846 784 890; x_wconf 82' lang='lat' dir='ltr'><strong>nom</strong></span> <span class='ocrx_word' id='word_1_61' title='bbox 795 828 887 911; x_wconf 64' lang='lat' dir='ltr'><strong>‹lepito</strong></span> <span class='ocrx_word' id='word_1_62' title='bbox 905 827 999 911; x_wconf 79' lang='lat' dir='ltr'><strong>tetipit</strong></span> <span class='ocrx_word' id='word_1_63' title='bbox 1010 826 1145 908; x_wconf 55' lang='lat' dir='ltr'><strong>linquam</strong></span> 
     </span>
     <span class='ocr_line' id='line_1_9' title="bbox 135 909 1141 994; baseline -0.002 -23"><span class='ocrx_word' id='word_1_64' title='bbox 135 917 168 971; x_wconf 83' lang='lat' dir='ltr'><strong>et</strong></span> <span class='ocrx_word' id='word_1_65' title='bbox 190 927 278 972; x_wconf 83' lang='lat' dir='ltr'><strong>nores</strong></span> <span class='ocrx_word' id='word_1_66' title='bbox 293 909 367 994; x_wconf 78' lang='lat' dir='ltr'><strong>ejus.</strong></span> <span class='ocrx_word' id='word_1_67' title='bbox 383 911 413 970; x_wconf 91' lang='lat' dir='ltr'><strong>Si</strong></span> <span class='ocrx_word' id='word_1_68' title='bbox 428 917 528 971; x_wconf 86' lang='lat' dir='ltr'><strong>nutem</strong></span> <span class='ocrx_word' id='word_1_69' title='bbox 543 911 664 971; x_wconf 79' lang='lat' dir='ltr'><strong>materia</strong></span> <span class='ocrx_word' id='word_1_70' title='bbox 680 914 812 990; x_wconf 81' lang='lat' dir='ltr'><strong>proxima</strong></span> <span class='ocrx_word' id='word_1_71' title='bbox 830 912 1063 976; x_wconf 81' lang='lat' dir='ltr'><strong>confirmationis</strong></span> <span class='ocrx_word' id='word_1_72' title='bbox 1081 927 1141 971; x_wconf 92' lang='lat' dir='ltr'><strong>una</strong></span> 
     </span>
     <span class='ocr_line' id='line_1_10' title="bbox 135 993 1143 1075; baseline 0 -19"><span class='ocrx_word' id='word_1_73' title='bbox 135 1001 182 1056; x_wconf 83' lang='lat' dir='ltr'><strong>est</strong></span> <span class='ocrx_word' id='word_1_74' title='bbox 203 998 303 1068; x_wconf 85' lang='lat' dir='ltr'><strong>actio,</strong></span> <span class='ocrx_word' id='word_1_75' title='bbox 327 1009 434 1073; x_wconf 81' lang='lat' dir='ltr'>nempe</span> <span class='ocrx_word' id='word_1_76' title='bbox 461 993 562 1053; x_wconf 88' lang='lat' dir='ltr'><strong>unctio</strong></span> <span class='ocrx_word' id='word_1_77' title='bbox 596 1011 651 1073; x_wconf 85' lang='lat' dir='ltr'><strong>per</strong></span> <span class='ocrx_word' id='word_1_78' title='bbox 677 996 781 1057; x_wconf 81' lang='lat' dir='ltr'><strong>manius</strong></span> <span class='ocrx_word' id='word_1_79' title='bbox 808 994 1052 1075; x_wconf 77' lang='lat' dir='ltr'><strong>impositionem,</strong></span> <span class='ocrx_word' id='word_1_80' title='bbox 1081 995 1143 1056; x_wconf 85' lang='lat' dir='ltr'><strong>sive</strong></span> 
     </span>
     <span class='ocr_line' id='line_1_11' title="bbox 134 1077 1144 1161; baseline 0 -18"><span class='ocrx_word' id='word_1_81' title='bbox 134 1081 290 1161; x_wconf 74' lang='lat' dir='ltr'><strong>impositio</strong></span> <span class='ocrx_word' id='word_1_82' title='bbox 315 1080 421 1142; x_wconf 81' lang='lat' dir='ltr'><strong>manius</strong></span> <span class='ocrx_word' id='word_1_83' title='bbox 445 1077 605 1159; x_wconf 75' lang='lat' dir='ltr'><strong>ungendo,</strong></span> <span class='ocrx_word' id='word_1_84' title='bbox 621 1080 688 1142; x_wconf 90' lang='lat' dir='ltr'><strong>ideo</strong></span> <span class='ocrx_word' id='word_1_85' title='bbox 709 1084 802 1144; x_wconf 87' lang='lat' dir='ltr'><strong>unicae</strong></span> <span class='ocrx_word' id='word_1_86' title='bbox 825 1083 952 1156; x_wconf 87' lang='lat' dir='ltr'><strong>actioni,</strong></span> <span class='ocrx_word' id='word_1_87' title='bbox 972 1100 1024 1144; x_wconf 87' lang='lat' dir='ltr'><strong>seu</strong></span> <span class='ocrx_word' id='word_1_88' title='bbox 1047 1082 1144 1144; x_wconf 78' lang='lat' dir='ltr'><strong>unico</strong></span> 
     </span>
     <span class='ocr_line' id='line_1_12' title="bbox 134 1165 1142 1244; baseline -0.004 -15"><span class='ocrx_word' id='word_1_89' title='bbox 134 1167 269 1229; x_wconf 83' lang='lat' dir='ltr'><strong>materiae</strong></span> <span class='ocrx_word' id='word_1_90' title='bbox 304 1167 391 1227; x_wconf 89' lang='lat' dir='ltr'><strong>unim</strong></span> <span class='ocrx_word' id='word_1_91' title='bbox 415 1166 545 1244; x_wconf 77' lang='lat' dir='ltr'><strong>pertinet</strong></span> <span class='ocrx_word' id='word_1_92' title='bbox 570 1165 673 1227; x_wconf 78' lang='lat' dir='ltr'><strong>forma.</strong></span> <span class='ocrx_word' id='word_1_93' title='bbox 691 1167 836 1228; x_wconf 77' lang='lat' dir='ltr'><strong>Pimterea</strong></span> <span class='ocrx_word' id='word_1_94' title='bbox 858 1177 971 1229; x_wconf 81' lang='lat' dir='ltr'><strong>eentum</strong></span> <span class='ocrx_word' id='word_1_95' title='bbox 991 1174 1062 1239; x_wconf 87' lang='lat' dir='ltr'><strong>est,</strong></span> <span class='ocrx_word' id='word_1_96' title='bbox 1088 1182 1142 1243; x_wconf 82' lang='lat' dir='ltr'><strong>pet·</strong></span> 
     </span>
     <span class='ocr_line' id='line_1_13' title="bbox 132 1247 1146 1330; baseline -0.001 -19"><span class='ocrx_word' id='word_1_97' title='bbox 132 1251 223 1330; x_wconf 80' lang='lat' dir='ltr'><strong>plura</strong></span> <span class='ocrx_word' id='word_1_98' title='bbox 240 1251 344 1313; x_wconf 80' lang='lat' dir='ltr'><strong>saecula</strong></span> <span class='ocrx_word' id='word_1_99' title='bbox 356 1249 373 1310; x_wconf 76' lang='lat' dir='ltr'><strong>i</strong></span> <span class='ocrx_word' id='word_1_100' title='bbox 386 1258 519 1327; x_wconf 78' lang='lat' dir='ltr'><strong>tempore</strong></span> <span class='ocrx_word' id='word_1_101' title='bbox 538 1247 571 1308; x_wconf 87' lang='lat' dir='ltr'><strong>S.</strong></span> <span class='ocrx_word' id='word_1_102' title='bbox 590 1247 708 1311; x_wconf 80' lang='lat' dir='ltr'><strong>Tlcomoe</strong></span> <span class='ocrx_word' id='word_1_103' title='bbox 727 1251 874 1328; x_wconf 83' lang='lat' dir='ltr'><strong>usquead</strong></span> <span class='ocrx_word' id='word_1_104' title='bbox 900 1259 1018 1313; x_wconf 79' lang='lat' dir='ltr'><strong>etatem</strong></span> <span class='ocrx_word' id='word_1_105' title='bbox 1037 1266 1146 1312; x_wconf 51' lang='lat' dir='ltr'><strong>recen*</strong></span> 
     </span>
     <span class='ocr_line' id='line_1_14' title="bbox 132 1333 1139 1412; baseline -0.003 -16"><span class='ocrx_word' id='word_1_106' title='bbox 132 1335 247 1396; x_wconf 83' lang='lat' dir='ltr'><strong>tiorum</strong></span> <span class='ocrx_word' id='word_1_107' title='bbox 280 1341 412 1396; x_wconf 81' lang='lat' dir='ltr'><strong>nostram</strong></span> <span class='ocrx_word' id='word_1_108' title='bbox 440 1333 616 1393; x_wconf 88' lang='lat' dir='ltr'><strong>sententiam</strong></span> <span class='ocrx_word' id='word_1_109' title='bbox 640 1335 907 1412; x_wconf 80' lang='lat' dir='ltr'><strong>oppugnantium,</strong></span> <span class='ocrx_word' id='word_1_110' title='bbox 935 1352 1038 1396; x_wconf 87' lang='lat' dir='ltr'><strong>omnes</strong></span> <span class='ocrx_word' id='word_1_111' title='bbox 1066 1334 1139 1394; x_wconf 81' lang='lat' dir='ltr'><strong>sesi·</strong></span> 
     </span>
     <span class='ocr_line' id='line_1_15' title="bbox 131 1415 1140 1500; baseline 0 -22"><span class='ocrx_word' id='word_1_112' title='bbox 131 1426 236 1500; x_wconf 86' lang='lat' dir='ltr'><strong>ptores</strong></span> <span class='ocrx_word' id='word_1_113' title='bbox 258 1418 439 1480; x_wconf 76' lang='lat' dir='ltr'><strong>unanimiter</strong></span> <span class='ocrx_word' id='word_1_114' title='bbox 460 1415 607 1493; x_wconf 88' lang='lat' dir='ltr'><strong>tenuisse,</strong></span> <span class='ocrx_word' id='word_1_115' title='bbox 632 1415 712 1497; x_wconf 77' lang='lat' dir='ltr'><strong>quod</strong></span> <span class='ocrx_word' id='word_1_116' title='bbox 733 1416 822 1495; x_wconf 84' lang='lat' dir='ltr'><strong>hujus</strong></span> <span class='ocrx_word' id='word_1_117' title='bbox 841 1420 1015 1480; x_wconf 83' lang='lat' dir='ltr'><strong>sacramenti</strong></span> <span class='ocrx_word' id='word_1_118' title='bbox 1037 1419 1140 1479; x_wconf 90' lang='lat' dir='ltr'><strong>unctio</strong></span> 
     </span>
     <span class='ocr_line' id='line_1_16' title="bbox 60 1501 1140 1583; baseline 0 -20"><span class='ocrx_word' id='word_1_119' title='bbox 60 1574 66 1580; x_wconf 42' lang='grc'><em>,</em></span> <span class='ocrx_word' id='word_1_120' title='bbox 131 1501 304 1565; x_wconf 83' lang='lat' dir='ltr'><strong>chrismatis</strong></span> <span class='ocrx_word' id='word_1_121' title='bbox 318 1510 370 1583; x_wconf 54' lang='lat' dir='ltr'><strong>„est</strong></span> <span class='ocrx_word' id='word_1_122' title='bbox 390 1502 477 1562; x_wconf 87' lang='lat' dir='ltr'><strong>unica</strong></span> <span class='ocrx_word' id='word_1_123' title='bbox 502 1502 645 1579; x_wconf 84' lang='lat' dir='ltr'><strong>materia,</strong></span> <span class='ocrx_word' id='word_1_124' title='bbox 668 1509 698 1562; x_wconf 92' lang='lat' dir='ltr'><strong>et</strong></span> <span class='ocrx_word' id='word_1_125' title='bbox 721 1503 807 1564; x_wconf 88' lang='lat' dir='ltr'><strong>unica</strong></span> <span class='ocrx_word' id='word_1_126' title='bbox 828 1503 923 1564; x_wconf 81' lang='lat' dir='ltr'><strong>forma</strong></span> <span class='ocrx_word' id='word_1_127' title='bbox 953 1511 1023 1563; x_wconf 91' lang='lat' dir='ltr'><strong>sunt</strong></span> <span class='ocrx_word' id='word_1_128' title='bbox 1049 1501 1140 1563; x_wconf 72' lang='lat' dir='ltr'><strong>verba</strong></span> 
     </span>
     <span class='ocr_line' id='line_1_17' title="bbox 130 1583 1138 1667; baseline 0 -19"><span class='ocrx_word' id='word_1_129' title='bbox 130 1586 270 1667; x_wconf 81' lang='lat' dir='ltr'><strong>Episcopi</strong></span> <span class='ocrx_word' id='word_1_130' title='bbox 283 1586 453 1648; x_wconf 87' lang='lat' dir='ltr'><strong>unctionem</strong></span> <span class='ocrx_word' id='word_1_131' title='bbox 468 1583 647 1648; x_wconf 82' lang='lat' dir='ltr'><strong>comitantia.</strong></span> <span class='ocrx_word' id='word_1_132' title='bbox 660 1588 756 1666; x_wconf 80' lang='lat' dir='ltr'><strong>litque</strong></span> <span class='ocrx_word' id='word_1_133' title='bbox 773 1586 843 1648; x_wconf 89' lang='lat' dir='ltr'><strong>hinc</strong></span> <span class='ocrx_word' id='word_1_134' title='bbox 855 1586 989 1667; x_wconf 82' lang='lat' dir='ltr'><strong>estquod</strong></span> <span class='ocrx_word' id='word_1_135' title='bbox 1005 1585 1138 1666; x_wconf 84' lang='lat' dir='ltr'><strong>Episcopi</strong></span> 
     </span>
     <span class='ocr_line' id='line_1_18' title="bbox 131 1671 1140 1749; baseline 0 -16"><span class='ocrx_word' id='word_1_136' title='bbox 131 1672 334 1733; x_wconf 76' lang='lat' dir='ltr'><strong>communiter</strong></span> <span class='ocrx_word' id='word_1_137' title='bbox 349 1688 409 1730; x_wconf 91' lang='lat' dir='ltr'><strong>non</strong></span> <span class='ocrx_word' id='word_1_138' title='bbox 425 1676 561 1748; x_wconf 78' lang='lat' dir='ltr'><strong>satagunt</strong></span> <span class='ocrx_word' id='word_1_139' title='bbox 575 1715 583 1744; x_wconf 89' lang='lat'>‚</span> <span class='ocrx_word' id='word_1_140' title='bbox 599 1680 634 1732; x_wconf 92' lang='lat' dir='ltr'><strong>ut</strong></span> <span class='ocrx_word' id='word_1_141' title='bbox 649 1688 752 1732; x_wconf 88' lang='lat' dir='ltr'><strong>omnes</strong></span> <span class='ocrx_word' id='word_1_142' title='bbox 773 1671 967 1734; x_wconf 77' lang='lat' dir='ltr'><strong>confirmandi</strong></span> <span class='ocrx_word' id='word_1_143' title='bbox 986 1672 1046 1731; x_wconf 89' lang='lat' dir='ltr'><strong>sint</strong></span> <span class='ocrx_word' id='word_1_144' title='bbox 1064 1689 1140 1749; x_wconf 77' lang='lat' dir='ltr'><strong>pt‘oe-</strong></span> 
     </span>
     <span class='ocr_line' id='line_1_19' title="bbox 129 1754 1139 1833; baseline 0 -17"><span class='ocrx_word' id='word_1_145' title='bbox 129 1763 228 1816; x_wconf 88' lang='lat' dir='ltr'><strong>sentcs</strong></span> <span class='ocrx_word' id='word_1_146' title='bbox 242 1756 274 1815; x_wconf 86' lang='lat' dir='ltr'><strong>in</strong></span> <span class='ocrx_word' id='word_1_147' title='bbox 287 1754 433 1833; x_wconf 85' lang='lat' dir='ltr'><strong>principio</strong></span> <span class='ocrx_word' id='word_1_148' title='bbox 453 1754 553 1827; x_wconf 80' lang='lat' dir='ltr'><strong>cittis,</strong></span> <span class='ocrx_word' id='word_1_149' title='bbox 576 1754 644 1816; x_wconf 81' lang='lat' dir='ltr'><strong>edm</strong></span> <span class='ocrx_word' id='word_1_150' title='bbox 661 1756 795 1817; x_wconf 82' lang='lat' dir='ltr'><strong>minister</strong></span> <span class='ocrx_word' id='word_1_151' title='bbox 811 1758 928 1818; x_wconf 90' lang='lat' dir='ltr'><strong>elevans</strong></span> <span class='ocrx_word' id='word_1_152' title='bbox 942 1758 1055 1817; x_wconf 20' lang='lat' dir='ltr'><strong>&#39;manns&#39;</strong></span> <span class='ocrx_word' id='word_1_153' title='bbox 1069 1772 1139 1833; x_wconf 80' lang='lat' dir='ltr'><strong>pro-</strong></span> 
     </span>
    </p>
   </div>
   <div class='ocr_carea' id='block_1_3' title="bbox 128 1837 1236 1919">
    <p class='ocr_par' dir='ltr' id='par_1_3' title="bbox 128 1837 1236 1919">
     <span class='ocr_line' id='line_1_20' title="bbox 128 1837 1236 1919; baseline 0 -19"><span class='ocrx_word' id='word_1_154' title='bbox 128 1837 191 1900; x_wconf 80' lang='lat' dir='ltr'><strong>fert</strong></span> <span class='ocrx_word' id='word_1_155' title='bbox 212 1838 375 1899; x_wconf 80' lang='lat' dir='ltr'><strong>orationem</strong></span> <span class='ocrx_word' id='word_1_156' title='bbox 387 1885 395 1909; x_wconf 89' lang='lat'><strong>,</strong></span> <span class='ocrx_word' id='word_1_157' title='bbox 409 1854 463 1899; x_wconf 90' lang='lat' dir='ltr'><strong>nee</strong></span> <span class='ocrx_word' id='word_1_158' title='bbox 478 1838 615 1899; x_wconf 88' lang='lat' dir='ltr'><strong>dubitant</strong></span> <span class='ocrx_word' id='word_1_159' title='bbox 638 1839 693 1916; x_wconf 92' lang='lat' dir='ltr'><strong>ipsi</strong></span> <span class='ocrx_word' id='word_1_160' title='bbox 711 1839 888 1901; x_wconf 83' lang='lat' dir='ltr'><strong>confirmare</strong></span> <span class='ocrx_word' id='word_1_161' title='bbox 901 1857 970 1911; x_wconf 88' lang='lat' dir='ltr'><strong>eos,</strong></span> <span class='ocrx_word' id='word_1_162' title='bbox 984 1839 1036 1919; x_wconf 85' lang='lat' dir='ltr'><strong>qui</strong></span> <span class='ocrx_word' id='word_1_163' title='bbox 1059 1847 1138 1917; x_wconf 84' lang='lat' dir='ltr'><strong>post·</strong></span> <span class='ocrx_word' id='word_1_164' title='bbox 1233 1856 1236 1857; x_wconf 68' lang='grc'>’</span> 
     </span>
    </p>
   </div>
   <div class='ocr_carea' id='block_1_4' title="bbox 125 1919 1138 2330">
    <p class='ocr_par' dir='ltr' id='par_1_4' title="bbox 129 1919 1000 2001">
     <span class='ocr_line' id='line_1_21' title="bbox 129 1919 1000 2001; baseline -0.003 -19"><span class='ocrx_word' id='word_1_165' title='bbox 129 1919 224 2001; x_wconf 88' lang='lat' dir='ltr'><strong>quam</strong></span> <span class='ocrx_word' id='word_1_166' title='bbox 238 1921 353 2001; x_wconf 78' lang='lat' dir='ltr'><strong>primus</strong></span> <span class='ocrx_word' id='word_1_167' title='bbox 370 1920 420 1982; x_wconf 92' lang='lat' dir='ltr'><strong>ille</strong></span> <span class='ocrx_word' id='word_1_168' title='bbox 432 1921 507 1981; x_wconf 81' lang='lat' dir='ltr'><strong>ritus</strong></span> <span class='ocrx_word' id='word_1_169' title='bbox 514 1921 577 1999; x_wconf 84' lang='lat' dir='ltr'><strong>jam</strong></span> <span class='ocrx_word' id='word_1_170' title='bbox 593 1930 637 1982; x_wconf 88' lang='lat' dir='ltr'><strong>est</strong></span> <span class='ocrx_word' id='word_1_171' title='bbox 647 1923 829 1999; x_wconf 89' lang='lat' dir='ltr'><strong>completus,</strong></span> <span class='ocrx_word' id='word_1_172' title='bbox 850 1922 1000 1982; x_wconf 87' lang='lat' dir='ltr'><strong>accedunt.</strong></span> 
     </span>
    </p>

    <p class='ocr_par' dir='ltr' id='par_1_5' title="bbox 125 2003 1138 2330">
     <span class='ocr_line' id='line_1_22' title="bbox 171 2003 1137 2082; baseline 0.002 -16"><span class='ocrx_word' id='word_1_173' title='bbox 171 2007 224 2068; x_wconf 85' lang='lat' dir='ltr'><strong>Eis</strong></span> <span class='ocrx_word' id='word_1_174' title='bbox 239 2005 376 2067; x_wconf 91' lang='lat' dir='ltr'><strong>omnibus</strong></span> <span class='ocrx_word' id='word_1_175' title='bbox 389 2005 499 2066; x_wconf 85' lang='lat' dir='ltr'><strong>aceedit</strong></span> <span class='ocrx_word' id='word_1_176' title='bbox 512 2004 669 2066; x_wconf 77' lang='lat' dir='ltr'><strong>declaratio</strong></span> <span class='ocrx_word' id='word_1_177' title='bbox 680 2004 767 2082; x_wconf 79' lang='lat' dir='ltr'><strong>supnd</strong></span> <span class='ocrx_word' id='word_1_178' title='bbox 781 2005 866 2064; x_wconf 90' lang='lat' dir='ltr'><strong>allata</strong></span> <span class='ocrx_word' id='word_1_179' title='bbox 878 2003 988 2064; x_wconf 81' lang='lat' dir='ltr'><strong>Bened.</strong></span> <span class='ocrx_word' id='word_1_180' title='bbox 1002 2003 1092 2065; x_wconf 82' lang='lat' dir='ltr'><strong><em>XIV.</em></strong></span> <span class='ocrx_word' id='word_1_181' title='bbox 1106 2007 1137 2069; x_wconf 89' lang='lat' dir='ltr'><strong>in</strong></span> 
     </span>
     <span class='ocr_line' id='line_1_23' title="bbox 128 2086 1136 2170; baseline 0 -19"><span class='ocrx_word' id='word_1_182' title='bbox 128 2088 360 2161; x_wconf 86' lang='lat' dir='ltr'><strong>constitutione,</strong></span> <span class='ocrx_word' id='word_1_183' title='bbox 370 2089 420 2149; x_wconf 82' lang='lat' dir='ltr'><strong>Eu</strong></span> <span class='ocrx_word' id='word_1_184' title='bbox 433 2088 643 2170; x_wconf 66' lang='lat' dir='ltr'><strong>pacominum,</strong></span> <span class='ocrx_word' id='word_1_185' title='bbox 655 2086 691 2147; x_wconf 88' lang='lat' dir='ltr'><strong>nd</strong></span> <span class='ocrx_word' id='word_1_186' title='bbox 701 2088 856 2165; x_wconf 86' lang='lat' dir='ltr'><strong>Episcopus</strong></span> <span class='ocrx_word' id='word_1_187' title='bbox 867 2088 980 2147; x_wconf 79' lang='lat' dir='ltr'><strong>Graecos</strong></span> <span class='ocrx_word' id='word_1_188' title='bbox 992 2104 1041 2146; x_wconf 89' lang='lat' dir='ltr'><strong>an.</strong></span> <span class='ocrx_word' id='word_1_189' title='bbox 1050 2090 1136 2150; x_wconf 83' lang='grc'><strong>1716.</strong></span> 
     </span>
     <span class='ocr_line' id='line_1_24' title="bbox 127 2168 1138 2253; baseline -0.002 -17"><span class='ocrx_word' id='word_1_190' title='bbox 127 2173 183 2236; x_wconf 90' lang='lat' dir='ltr'><strong>dic</strong></span> <span class='ocrx_word' id='word_1_191' title='bbox 199 2174 228 2234; x_wconf 93' lang='grc'><strong>1.</strong></span> <span class='ocrx_word' id='word_1_192' title='bbox 239 2172 335 2233; x_wconf 80' lang='lat' dir='ltr'><strong>Martii</strong></span> <span class='ocrx_word' id='word_1_193' title='bbox 349 2216 357 2245; x_wconf 89' lang='lat'><strong>,</strong></span> <span class='ocrx_word' id='word_1_194' title='bbox 372 2171 456 2253; x_wconf 73' lang='lat' dir='ltr'><strong>cujus</strong></span> <span class='ocrx_word' id='word_1_195' title='bbox 468 2173 557 2233; x_wconf 83' lang='lat' dir='ltr'><strong>verba</strong></span> <span class='ocrx_word' id='word_1_196' title='bbox 570 2170 618 2232; x_wconf 89' lang='lat' dir='ltr'><strong>hie</strong></span> <span class='ocrx_word' id='word_1_197' title='bbox 629 2171 748 2250; x_wconf 84' lang='lat' dir='ltr'><strong>expedit</strong></span> <span class='ocrx_word' id='word_1_198' title='bbox 768 2179 920 2248; x_wconf 77' lang='lat' dir='ltr'><strong>repetere:</strong></span> <span class='ocrx_word' id='word_1_199' title='bbox 936 2168 1020 2245; x_wconf 80' lang='lat' dir='ltr'><strong>Quod</strong></span> <span class='ocrx_word' id='word_1_200' title='bbox 1038 2169 1138 2250; x_wconf 80' lang='lat' dir='ltr'><strong>itaque</strong></span> 
     </span>
     <span class='ocr_line' id='line_1_25' title="bbox 125 2251 1138 2330; baseline 0.001 -13"><span class='ocrx_word' id='word_1_201' title='bbox 125 2263 216 2318; x_wconf 80' lang='lat' dir='ltr'><strong>exiro</strong></span> <span class='ocrx_word' id='word_1_202' title='bbox 234 2257 462 2318; x_wconf 82' lang='lat' dir='ltr'><strong>controversiam</strong></span> <span class='ocrx_word' id='word_1_203' title='bbox 480 2265 539 2330; x_wconf 80' lang='lat' dir='ltr'><strong>est,</strong></span> <span class='ocrx_word' id='word_1_204' title='bbox 560 2254 613 2317; x_wconf 82' lang='lat' dir='ltr'><strong>ltoc</strong></span> <span class='ocrx_word' id='word_1_205' title='bbox 630 2252 770 2316; x_wconf 81' lang='lat' dir='ltr'><strong>dicotur.-</strong></span> <span class='ocrx_word' id='word_1_206' title='bbox 784 2252 937 2315; x_wconf 73' lang='lat' dir='ltr'><strong>Nimirum</strong></span> <span class='ocrx_word' id='word_1_207' title='bbox 953 2253 988 2313; x_wconf 84' lang='lat' dir='ltr'><strong>in</strong></span> <span class='ocrx_word' id='word_1_208' title='bbox 1009 2251 1138 2318; x_wconf 76' lang='lat' dir='ltr'><strong>Ecclesia</strong></span> 
     </span>
    </p>
   </div>
   <div class='ocr_carea' id='block_1_5' title="bbox 18 2332 1137 2420">
    <p class='ocr_par' dir='ltr' id='par_1_6' title="bbox 18 2332 1137 2420">
     <span class='ocr_line' id='line_1_26' title="bbox 18 2332 1137 2420; baseline 0.002 -20"><span class='ocrx_word' id='word_1_209' title='bbox 18 2380 20 2384; x_wconf 30' lang='grc' dir='ltr'><strong><em>ι</em></strong></span> <span class='ocrx_word' id='word_1_210' title='bbox 126 2336 230 2402; x_wconf 85' lang='lat' dir='ltr'><strong>latino</strong></span> <span class='ocrx_word' id='word_1_211' title='bbox 250 2338 483 2420; x_wconf 76' lang='lat' dir='ltr'><strong>confirmationis</strong></span> <span class='ocrx_word' id='word_1_212' title='bbox 501 2332 718 2401; x_wconf 80' lang='lat' dir='ltr'><strong>sacromentum</strong></span> <span class='ocrx_word' id='word_1_213' title='bbox 740 2337 891 2418; x_wconf 74' lang='lat' dir='ltr'><strong>conferri,</strong></span> <span class='ocrx_word' id='word_1_214' title='bbox 911 2335 1041 2400; x_wconf 72' lang='lat' dir='ltr'><strong>notiaco</strong></span> <span class='ocrx_word' id='word_1_215' title='bbox 1053 2350 1137 2402; x_wconf 79' lang='lat' dir='ltr'><strong>sacro</strong></span> 
     </span>
    </p>
   </div>
   <div class='ocr_carea' id='block_1_6' title="bbox 125 2419 1135 2501">
    <p class='ocr_par' dir='ltr' id='par_1_7' title="bbox 125 2419 1135 2501">
     <span class='ocr_line' id='line_1_27' title="bbox 125 2419 1135 2501; baseline -0.003 -14"><span class='ocrx_word' id='word_1_216' title='bbox 125 2423 305 2500; x_wconf 79' lang='lat' dir='ltr'><strong>chrismate,</strong></span> <span class='ocrx_word' id='word_1_217' title='bbox 317 2430 370 2484; x_wconf 91' lang='lat' dir='ltr'><strong>ete.</strong></span> <span class='ocrx_word' id='word_1_218' title='bbox 389 2421 462 2482; x_wconf 73' lang='lat' dir='ltr'><strong>dum</strong></span> <span class='ocrx_word' id='word_1_219' title='bbox 480 2421 558 2483; x_wconf 84' lang='lat' dir='ltr'><strong>idem</strong></span> <span class='ocrx_word' id='word_1_220' title='bbox 578 2421 712 2483; x_wconf 68' lang='lat' dir='ltr'><strong>minister</strong></span> <span class='ocrx_word' id='word_1_221' title='bbox 725 2421 830 2501; x_wconf 77' lang='lat' dir='ltr'><strong>[oronte</strong></span> <span class='ocrx_word' id='word_1_222' title='bbox 848 2419 936 2483; x_wconf 82' lang='lat' dir='ltr'><strong>ocrim</strong></span> <span class='ocrx_word' id='word_1_223' title='bbox 947 2423 1135 2501; x_wconf 80' lang='lat' dir='ltr'><strong>pronuntiat.</strong></span> 
     </span>
    </p>
   </div>
   <div class='ocr_carea' id='block_1_7' title="bbox 13 2504 1248 2667">
    <p class='ocr_par' dir='ltr' id='par_1_8' title="bbox 13 2504 1248 2667">
     <span class='ocr_line' id='line_1_28' title="bbox 127 2504 1137 2584; baseline -0.002 -14"><span class='ocrx_word' id='word_1_224' title='bbox 127 2507 176 2570; x_wconf 89' lang='lat' dir='ltr'><strong>lbi</strong></span> <span class='ocrx_word' id='word_1_225' title='bbox 190 2507 281 2584; x_wconf 79' lang='lat' dir='ltr'><strong>igitur</strong></span> <span class='ocrx_word' id='word_1_226' title='bbox 294 2524 355 2567; x_wconf 90' lang='lat' dir='ltr'><strong>non</strong></span> <span class='ocrx_word' id='word_1_227' title='bbox 375 2505 411 2566; x_wconf 83' lang='lat' dir='ltr'><strong>fit</strong></span> <span class='ocrx_word' id='word_1_228' title='bbox 427 2507 539 2567; x_wconf 88' lang='lat' dir='ltr'><strong>mentio</strong></span> <span class='ocrx_word' id='word_1_229' title='bbox 552 2506 589 2566; x_wconf 92' lang='lat' dir='ltr'><strong>de</strong></span> <span class='ocrx_word' id='word_1_230' title='bbox 609 2506 665 2565; x_wconf 88' lang='lat' dir='ltr'><strong>alia</strong></span> <span class='ocrx_word' id='word_1_231' title='bbox 683 2505 806 2566; x_wconf 80' lang='lat' dir='ltr'><strong>materia</strong></span> <span class='ocrx_word' id='word_1_232' title='bbox 830 2504 919 2581; x_wconf 78' lang='lat' dir='ltr'><strong>quim</strong></span> <span class='ocrx_word' id='word_1_233' title='bbox 940 2506 978 2564; x_wconf 89' lang='lat' dir='ltr'><strong>de</strong></span> <span class='ocrx_word' id='word_1_234' title='bbox 998 2504 1137 2568; x_wconf 85' lang='lat' dir='ltr'><strong>unctione</strong></span> 
     </span>
     <span class='ocr_line' id='line_1_29' title="bbox 13 2576 1248 2667; baseline -0.001 -16"><span class='ocrx_word' id='word_1_235' title='bbox 13 2576 28 2615; x_wconf 80' lang='lat'><strong>&#39;⁸</strong></span> <span class='ocrx_word' id='word_1_236' title='bbox 125 2586 296 2651; x_wconf 77' lang='lat' dir='ltr'><strong>chrismatis</strong></span> <span class='ocrx_word' id='word_1_237' title='bbox 310 2606 364 2667; x_wconf 82' lang='lat' dir='ltr'><strong>per</strong></span> <span class='ocrx_word' id='word_1_238' title='bbox 386 2606 506 2649; x_wconf 90' lang='lat' dir='ltr'><strong>manum</strong></span> <span class='ocrx_word' id='word_1_239' title='bbox 528 2590 683 2667; x_wconf 82' lang='lat' dir='ltr'><strong>Episcopi,</strong></span> <span class='ocrx_word' id='word_1_240' title='bbox 705 2588 809 2648; x_wconf 89' lang='lat' dir='ltr'><strong>ueede</strong></span> <span class='ocrx_word' id='word_1_241' title='bbox 824 2588 880 2647; x_wconf 87' lang='lat' dir='ltr'><strong>alia</strong></span> <span class='ocrx_word' id='word_1_242' title='bbox 893 2587 1086 2666; x_wconf 75' lang='lat' dir='ltr'><strong>iormaqudm</strong></span> <span class='ocrx_word' id='word_1_243' title='bbox 1099 2588 1137 2650; x_wconf 88' lang='lat' dir='ltr'><strong>de</strong></span> <span class='ocrx_word' id='word_1_244' title='bbox 1246 2582 1248 2587; x_wconf 64' lang='grc'><strong>’</strong></span> 
     </span>
    </p>
   </div>
   <div class='ocr_carea' id='block_1_8' title="bbox 124 2671 1154 3584">
    <p class='ocr_par' dir='ltr' id='par_1_9' title="bbox 124 2671 1154 3584">
     <span class='ocr_line' id='line_1_30' title="bbox 125 2671 1136 2752; baseline 0.001 -17"><span class='ocrx_word' id='word_1_245' title='bbox 125 2673 230 2736; x_wconf 77' lang='lat' dir='ltr'><strong>verbis</strong></span> <span class='ocrx_word' id='word_1_246' title='bbox 247 2672 369 2751; x_wconf 84' lang='lat' dir='ltr'><strong>prolatis</strong></span> <span class='ocrx_word' id='word_1_247' title='bbox 382 2673 419 2732; x_wconf 84' lang='lat' dir='ltr'><strong>ab</strong></span> <span class='ocrx_word' id='word_1_248' title='bbox 430 2674 573 2752; x_wconf 82' lang='lat' dir='ltr'><strong>Episcopo</strong></span> <span class='ocrx_word' id='word_1_249' title='bbox 585 2717 594 2743; x_wconf 94' lang='lat'><strong>,</strong></span> <span class='ocrx_word' id='word_1_250' title='bbox 605 2671 679 2733; x_wconf 74' lang='lat' dir='ltr'><strong>duim</strong></span> <span class='ocrx_word' id='word_1_251' title='bbox 691 2673 795 2749; x_wconf 70' lang='lat' dir='ltr'><strong>ungit,</strong></span> <span class='ocrx_word' id='word_1_252' title='bbox 809 2680 840 2732; x_wconf 88' lang='lat' dir='ltr'><strong>et</strong></span> <span class='ocrx_word' id='word_1_253' title='bbox 850 2673 893 2733; x_wconf 88' lang='lat' dir='ltr'><strong>sie</strong></span> <span class='ocrx_word' id='word_1_254' title='bbox 903 2671 987 2735; x_wconf 86' lang='lat' dir='ltr'><strong>docet</strong></span> <span class='ocrx_word' id='word_1_255' title='bbox 1003 2673 1136 2736; x_wconf 77' lang='lat' dir='ltr'><strong>Pontifex</strong></span> 
     </span>
     <span class='ocr_line' id='line_1_31' title="bbox 124 2755 1136 2833; baseline 0 -13"><span class='ocrx_word' id='word_1_256' title='bbox 124 2763 210 2820; x_wconf 83' lang='lat' dir='ltr'><strong>extra</strong></span> <span class='ocrx_word' id='word_1_257' title='bbox 218 2755 444 2818; x_wconf 77' lang='lat' dir='ltr'><strong>controversiam</strong></span> <span class='ocrx_word' id='word_1_258' title='bbox 453 2756 622 2833; x_wconf 81' lang='lat' dir='ltr'><strong>esse,qudd</strong></span> <span class='ocrx_word' id='word_1_259' title='bbox 634 2757 666 2816; x_wconf 91' lang='lat' dir='ltr'><strong>in</strong></span> <span class='ocrx_word' id='word_1_260' title='bbox 676 2756 800 2816; x_wconf 88' lang='lat' dir='ltr'><strong>Ecclesia</strong></span> <span class='ocrx_word' id='word_1_261' title='bbox 820 2757 911 2817; x_wconf 89' lang='lat' dir='ltr'><strong>latina</strong></span> <span class='ocrx_word' id='word_1_262' title='bbox 922 2766 1136 2820; x_wconf 83' lang='lat' dir='ltr'><strong>sacramentum</strong></span> 
     </span>
     <span class='ocr_line' id='line_1_32' title="bbox 125 2837 1134 2912; baseline -0.003 -10"><span class='ocrx_word' id='word_1_263' title='bbox 125 2838 362 2902; x_wconf 77' lang='lat' dir='ltr'><strong>confirmationis</strong></span> <span class='ocrx_word' id='word_1_264' title='bbox 377 2839 538 2900; x_wconf 81' lang='lat' dir='ltr'><strong>consertus.</strong></span> <span class='ocrx_word' id='word_1_265' title='bbox 550 2840 581 2899; x_wconf 92' lang='lat' dir='ltr'><strong>Si</strong></span> <span class='ocrx_word' id='word_1_266' title='bbox 597 2839 683 2899; x_wconf 89' lang='lat' dir='ltr'><strong>alicui</strong></span> <span class='ocrx_word' id='word_1_267' title='bbox 696 2837 758 2900; x_wconf 86' lang='lat' dir='ltr'><strong>haee</strong></span> <span class='ocrx_word' id='word_1_268' title='bbox 771 2839 927 2901; x_wconf 80' lang='lat' dir='ltr'><strong>declaratio</strong></span> <span class='ocrx_word' id='word_1_269' title='bbox 941 2858 1001 2901; x_wconf 91' lang='lat' dir='ltr'><strong>non</strong></span> <span class='ocrx_word' id='word_1_270' title='bbox 1013 2840 1134 2912; x_wconf 86' lang='lat' dir='ltr'><strong>suffieit,</strong></span> 
     </span>
     <span class='ocr_line' id='line_1_33' title="bbox 125 2919 1135 3002; baseline -0.002 -17"><span class='ocrx_word' id='word_1_271' title='bbox 125 2919 206 2985; x_wconf 74' lang='lat' dir='ltr'><strong>bend</strong></span> <span class='ocrx_word' id='word_1_272' title='bbox 218 2921 326 2985; x_wconf 85' lang='lat' dir='ltr'><strong>sufficit</strong></span> <span class='ocrx_word' id='word_1_273' title='bbox 341 2920 415 2983; x_wconf 89' lang='lat' dir='ltr'><strong>mihi</strong></span> <span class='ocrx_word' id='word_1_274' title='bbox 430 2931 460 2983; x_wconf 90' lang='lat' dir='ltr'><strong>ct</strong></span> <span class='ocrx_word' id='word_1_275' title='bbox 475 2924 557 2995; x_wconf 80' lang='lat' dir='ltr'><strong>aliis,</strong></span> <span class='ocrx_word' id='word_1_276' title='bbox 577 2926 628 3002; x_wconf 91' lang='lat' dir='ltr'><strong>qui</strong></span> <span class='ocrx_word' id='word_1_277' title='bbox 649 2932 815 2985; x_wconf 79' lang='lat' dir='ltr'><strong>constanter</strong></span> <span class='ocrx_word' id='word_1_278' title='bbox 836 2933 970 2986; x_wconf 85' lang='lat' dir='ltr'><strong>tenemus</strong></span> <span class='ocrx_word' id='word_1_279' title='bbox 985 2940 1135 2983; x_wconf 87' lang='lat' dir='ltr'><strong>summum</strong></span> 
     </span>
     <span class='ocr_line' id='line_1_34' title="bbox 126 3005 1135 3084; baseline 0 -18"><span class='ocrx_word' id='word_1_280' title='bbox 126 3005 323 3078; x_wconf 81' lang='lat' dir='ltr'><strong>Pontificem,</strong></span> <span class='ocrx_word' id='word_1_281' title='bbox 344 3005 396 3065; x_wconf 92' lang='lat' dir='ltr'><strong>ubi</strong></span> <span class='ocrx_word' id='word_1_282' title='bbox 409 3005 543 3082; x_wconf 77' lang='lat' dir='ltr'><strong>loquitur</strong></span> <span class='ocrx_word' id='word_1_283' title='bbox 554 3006 661 3069; x_wconf 89' lang='lat' dir='ltr'><strong>docens</strong></span> <span class='ocrx_word' id='word_1_284' title='bbox 670 3008 825 3070; x_wconf 87' lang='lat' dir='ltr'><strong>Ecclesiam</strong></span> <span class='ocrx_word' id='word_1_285' title='bbox 834 3007 867 3067; x_wconf 89' lang='lat' dir='ltr'><strong>in</strong></span> <span class='ocrx_word' id='word_1_286' title='bbox 876 3007 956 3067; x_wconf 83' lang='lat' dir='ltr'><strong>read</strong></span> <span class='ocrx_word' id='word_1_287' title='bbox 971 3005 1061 3067; x_wconf 83' lang='lat' dir='ltr'><strong>iidem</strong></span> <span class='ocrx_word' id='word_1_288' title='bbox 1072 3022 1135 3084; x_wconf 81' lang='lat' dir='ltr'><strong>per·</strong></span> 
     </span>
     <span class='ocr_line' id='line_1_35' title="bbox 126 3088 1128 3170; baseline -0.003 -20"><span class='ocrx_word' id='word_1_289' title='bbox 126 3088 260 3160; x_wconf 86' lang='lat' dir='ltr'><strong>tinente,</strong></span> <span class='ocrx_word' id='word_1_290' title='bbox 276 3105 439 3166; x_wconf 85' lang='lat' dir='ltr'><strong>numquam</strong></span> <span class='ocrx_word' id='word_1_291' title='bbox 452 3106 658 3170; x_wconf 80' lang='lat' dir='ltr'><strong>erumeposse.</strong></span> <span class='ocrx_word' id='word_1_292' title='bbox 840 3132 843 3137; x_wconf 63' lang='grc'><strong><em>»</em></strong></span> <span class='ocrx_word' id='word_1_293' title='bbox 995 3142 999 3147; x_wconf 84' lang='grc'><strong>.</strong></span> <span class='ocrx_word' id='word_1_294' title='bbox 1126 3125 1128 3130; x_wconf 90' lang='lat'><em>-</em></span> 
     </span>
     <span class='ocr_line' id='line_1_36' title="bbox 168 3168 1131 3250; baseline 0.001 -19"><span class='ocrx_word' id='word_1_295' title='bbox 168 3172 239 3232; x_wconf 86' lang='grc'><strong>168.</strong></span> <span class='ocrx_word' id='word_1_296' title='bbox 250 3203 290 3216; x_wconf 90' lang='grc'><strong>-</strong></span> <span class='ocrx_word' id='word_1_297' title='bbox 303 3171 378 3232; x_wconf 89' lang='lat' dir='ltr'><strong>llinc</strong></span> <span class='ocrx_word' id='word_1_298' title='bbox 395 3172 560 3233; x_wconf 88' lang='lat' dir='ltr'><strong>notandum</strong></span> <span class='ocrx_word' id='word_1_299' title='bbox 580 3190 649 3234; x_wconf 88' lang='lat' dir='ltr'><strong>cum</strong></span> <span class='ocrx_word' id='word_1_300' title='bbox 668 3170 763 3234; x_wconf 81' lang='lat' dir='ltr'><strong>Soloe.</strong></span> <span class='ocrx_word' id='word_1_301' title='bbox 777 3169 813 3232; x_wconf 87' lang='lat' dir='ltr'><strong>de</strong></span> <span class='ocrx_word' id='word_1_302' title='bbox 827 3168 960 3250; x_wconf 76' lang='lat' dir='ltr'><strong>confirm.</strong></span> <span class='ocrx_word' id='word_1_303' title='bbox 974 3186 999 3232; x_wconf 89' lang='lat' dir='ltr'><strong>c.</strong></span> <span class='ocrx_word' id='word_1_304' title='bbox 1012 3173 1043 3231; x_wconf 73' lang='lat' dir='ltr'><strong>E.</strong></span> <span class='ocrx_word' id='word_1_305' title='bbox 1056 3188 1089 3250; x_wconf 81' lang='lat' dir='ltr'><strong>p.</strong></span> <span class='ocrx_word' id='word_1_306' title='bbox 1102 3172 1131 3232; x_wconf 76' lang='grc'><strong>5.</strong></span> 
     </span>
     <span class='ocr_line' id='line_1_37' title="bbox 130 3251 1154 3335; baseline 0 -19"><span class='ocrx_word' id='word_1_307' title='bbox 130 3274 163 3316; x_wconf 84' lang='lat' dir='ltr'><strong>n.</strong></span> <span class='ocrx_word' id='word_1_308' title='bbox 177 3254 229 3316; x_wconf 77' lang='grc'><strong>55.</strong></span> <span class='ocrx_word' id='word_1_309' title='bbox 246 3251 288 3317; x_wconf 85' lang='lat' dir='ltr'><strong>od</strong></span> <span class='ocrx_word' id='word_1_310' title='bbox 300 3255 352 3314; x_wconf 76' lang='lat' dir='ltr'><strong>ts.</strong></span> <span class='ocrx_word' id='word_1_311' title='bbox 372 3260 402 3315; x_wconf 90' lang='lat' dir='ltr'><strong>et</strong></span> <span class='ocrx_word' id='word_1_312' title='bbox 421 3272 568 3316; x_wconf 82' lang='lat' dir='ltr'><strong>common.</strong></span> <span class='ocrx_word' id='word_1_313' title='bbox 582 3259 654 3318; x_wconf 87' lang='lat' dir='ltr'><strong>DD.</strong></span> <span class='ocrx_word' id='word_1_314' title='bbox 668 3256 766 3335; x_wconf 87' lang='lat' dir='ltr'><strong>quoad</strong></span> <span class='ocrx_word' id='word_1_315' title='bbox 778 3256 919 3324; x_wconf 77' lang='lat' dir='ltr'><strong>sormam,</strong></span> <span class='ocrx_word' id='word_1_316' title='bbox 933 3253 1135 3316; x_wconf 84' lang='lat' dir='ltr'><strong>substantiales</strong></span> <span class='ocrx_word' id='word_1_317' title='bbox 1148 3278 1154 3289; x_wconf 78' lang='lat'>.</span> 
     </span>
     <span class='ocr_line' id='line_1_38' title="bbox 129 3337 1133 3415; baseline -0.002 -15"><span class='ocrx_word' id='word_1_318' title='bbox 129 3354 210 3414; x_wconf 81' lang='lat' dir='ltr'><strong>esse,</strong></span> <span class='ocrx_word' id='word_1_319' title='bbox 221 3344 256 3399; x_wconf 85' lang='lat' dir='ltr'><strong>et</strong></span> <span class='ocrx_word' id='word_1_320' title='bbox 266 3346 480 3399; x_wconf 86' lang='lat' dir='ltr'><strong>sacramentum</strong></span> <span class='ocrx_word' id='word_1_321' title='bbox 494 3339 654 3400; x_wconf 80' lang='lat' dir='ltr'><strong>invalidam</strong></span> <span class='ocrx_word' id='word_1_322' title='bbox 666 3356 768 3400; x_wconf 89' lang='lat' dir='ltr'><strong>omues</strong></span> <span class='ocrx_word' id='word_1_323' title='bbox 780 3337 958 3398; x_wconf 85' lang='lat' dir='ltr'><strong>mutationes</strong></span> <span class='ocrx_word' id='word_1_324' title='bbox 969 3345 1133 3415; x_wconf 86' lang='lat' dir='ltr'><strong>sequentes,</strong></span> 
     </span>
     <span class='ocr_line' id='line_1_39' title="bbox 128 3418 1134 3503; baseline 0 -21"><span class='ocrx_word' id='word_1_325' title='bbox 128 3421 256 3483; x_wconf 84' lang='lat' dir='ltr'><strong>scilicet:</strong></span> <span class='ocrx_word' id='word_1_326' title='bbox 272 3421 301 3482; x_wconf 91' lang='grc'><strong>1.</strong></span> <span class='ocrx_word' id='word_1_327' title='bbox 311 3422 342 3481; x_wconf 90' lang='lat' dir='ltr'><strong>Si</strong></span> <span class='ocrx_word' id='word_1_328' title='bbox 352 3421 635 3484; x_wconf 76' lang='lat' dir='ltr'><strong>ominatos-verbnm</strong></span> <span class='ocrx_word' id='word_1_329' title='bbox 647 3422 746 3503; x_wconf 80' lang='lat' dir='ltr'><strong>sipno,</strong></span> <span class='ocrx_word' id='word_1_330' title='bbox 758 3424 804 3485; x_wconf 88' lang='lat' dir='ltr'><strong>vel</strong></span> <span class='ocrx_word' id='word_1_331' title='bbox 815 3418 965 3501; x_wconf 75' lang='lat' dir='ltr'><strong>mnfimno.</strong></span> <span class='ocrx_word' id='word_1_332' title='bbox 975 3422 1005 3482; x_wconf 75' lang='lat'><strong>2.</strong></span> <span class='ocrx_word' id='word_1_333' title='bbox 1015 3421 1045 3480; x_wconf 90' lang='lat' dir='ltr'><strong>Si</strong></span> <span class='ocrx_word' id='word_1_334' title='bbox 1052 3420 1134 3496; x_wconf 84' lang='lat' dir='ltr'><strong>omit·</strong></span> 
     </span>
     <span class='ocr_line' id='line_1_40' title="bbox 130 3502 1134 3584; baseline 0 -20"><span class='ocrx_word' id='word_1_335' title='bbox 130 3510 210 3565; x_wconf 83' lang='lat' dir='ltr'><strong>tatus</strong></span> <span class='ocrx_word' id='word_1_336' title='bbox 223 3505 431 3584; x_wconf 81' lang='lat' dir='ltr'><strong>expressioSS.</strong></span> <span class='ocrx_word' id='word_1_337' title='bbox 450 3502 618 3566; x_wconf 75' lang='lat' dir='ltr'><strong>Trinitatis.</strong></span> <span class='ocrx_word' id='word_1_338' title='bbox 630 3507 659 3566; x_wconf 78' lang='lat'><strong>5.</strong></span> <span class='ocrx_word' id='word_1_339' title='bbox 670 3507 701 3566; x_wconf 88' lang='lat' dir='ltr'><strong>Si</strong></span> <span class='ocrx_word' id='word_1_340' title='bbox 715 3506 871 3568; x_wconf 79' lang='lat' dir='ltr'><strong>omittatur</strong></span> <span class='ocrx_word' id='word_1_341' title='bbox 884 3503 1010 3565; x_wconf 76' lang='lat' dir='ltr'><strong>voi-bum</strong></span> <span class='ocrx_word' id='word_1_342' title='bbox 1022 3503 1134 3565; x_wconf 57' lang='lat' dir='ltr'><strong>tensi</strong></span> 
     </span>
    </p>
   </div>
   <div class='ocr_carea' id='block_1_9' title="bbox 129 3582 1134 3731">
    <p class='ocr_par' dir='ltr' id='par_1_10' title="bbox 129 3582 1134 3731">
     <span class='ocr_line' id='line_1_41' title="bbox 129 3582 1134 3731; baseline 0.005 -86"><span class='ocrx_word' id='word_1_343' title='bbox 129 3587 307 3650; x_wconf 75' lang='lat' dir='ltr'><strong>omittantur</strong></span> <span class='ocrx_word' id='word_1_344' title='bbox 324 3586 412 3649; x_wconf 72' lang='lat' dir='ltr'><strong>necin</strong></span> <span class='ocrx_word' id='word_1_345' title='bbox 427 3584 512 3666; x_wconf 72' lang='lat' dir='ltr'><strong>siqno</strong></span> <span class='ocrx_word' id='word_1_346' title='bbox 532 3587 643 3666; x_wconf 71' lang='lat' dir='ltr'><strong>onom,</strong></span> <span class='ocrx_word' id='word_1_347' title='bbox 659 3586 704 3649; x_wconf 85' lang='lat' dir='ltr'><strong>nel</strong></span> <span class='ocrx_word' id='word_1_348' title='bbox 727 3587 882 3651; x_wconf 78' lang='lat' dir='ltr'><strong>ctrteomtc</strong></span> <span class='ocrx_word' id='word_1_349' title='bbox 897 3582 1015 3731; x_wconf 45' lang='lat' dir='ltr'><strong>sozutis.</strong></span> <span class='ocrx_word' id='word_1_350' title='bbox 1031 3588 1134 3650; x_wconf 78' lang='lat' dir='ltr'><strong>ninere</strong></span> 
     </span>
     <span class='ocr_line' id='line_1_42' title="bbox 915 3689 976 3731; baseline 0 0"><span class='ocrx_word' id='word_1_351' title='bbox 915 3689 932 3731; x_wconf 84' lang='lat' dir='ltr'><strong>o</strong></span> <span class='ocrx_word' id='word_1_352' title='bbox 956 3712 976 3731; x_wconf 95' lang='grc'><strong>..</strong></span> 
     </span>
    </p>
   </div>
   <div class='ocr_carea' id='block_1_10' title="bbox 0 0 1306 4198">
    <p class='ocr_par' dir='ltr' id='par_1_11' title="bbox 0 0 1306 4198">
     <span class='ocr_line' id='line_1_43' title="bbox 0 0 1306 4198; baseline 0 4"><span class='ocrx_word' id='word_1_353' title='bbox 0 0 1306 4198; x_wconf 95' lang='lat' dir='ltr'><strong> </strong></span> 
     </span>
    </p>
   </div>
  </div>
 </body>
</html>
