<?xml version="1.0" encoding="UTF-8"?>
<!DOCTYPE html PUBLIC "-//W3C//DTD XHTML 1.0 Transitional//EN"
    "http://www.w3.org/TR/xhtml1/DTD/xhtml1-transitional.dtd">
<html xmlns="http://www.w3.org/1999/xhtml" xml:lang="en" lang="en">
 <head>
  <title>
</title>
<meta http-equiv="Content-Type" content="text/html;charset=utf-8" />
  <meta name='ocr-system' content='tesseract 3.04.00' />
  <meta name='ocr-capabilities' content='ocr_page ocr_carea ocr_par ocr_line ocrx_word'/>
</head>
<body>
  <div class='ocr_page' id='page_1' title='image "./theologiamorali02heilgoog_0354.png"; bbox 0 0 2610 4186; ppageno 0'>
   <div class='ocr_carea' id='block_1_1' title="bbox 286 262 1129 348">
    <p class='ocr_par' dir='ltr' id='par_1_1' title="bbox 286 262 1129 348">
     <span class='ocr_line' id='line_1_1' title="bbox 286 262 1129 348; baseline 0.002 -21"><span class='ocrx_word' id='word_1_1' title='bbox 286 267 359 348; x_wconf 82' lang='lat' dir='ltr'><strong>Cap.</strong></span> <span class='ocrx_word' id='word_1_2' title='bbox 375 264 403 326; x_wconf 93' lang='grc'><strong>1.</strong></span> <span class='ocrx_word' id='word_1_3' title='bbox 419 266 464 326; x_wconf 85' lang='lat' dir='ltr'><strong>De</strong></span> <span class='ocrx_word' id='word_1_4' title='bbox 478 264 613 327; x_wconf 81' lang='lat' dir='ltr'><strong>rut&#39;nistro</strong></span> <span class='ocrx_word' id='word_1_5' title='bbox 628 262 708 345; x_wconf 86' lang='lat' dir='ltr'><strong>bapt.</strong></span> <span class='ocrx_word' id='word_1_6' title='bbox 723 263 799 328; x_wconf 78' lang='lat' dir='ltr'><strong>ooo.</strong></span> <span class='ocrx_word' id='word_1_7' title='bbox 817 267 846 326; x_wconf 87' lang='grc'><strong>5.</strong></span> <span class='ocrx_word' id='word_1_8' title='bbox 865 265 929 329; x_wconf 77' lang='lat' dir='ltr'><strong>Art.</strong></span> <span class='ocrx_word' id='word_1_9' title='bbox 943 267 974 329; x_wconf 86' lang='grc'><strong>2.</strong></span> <span class='ocrx_word' id='word_1_10' title='bbox 1072 266 1129 329; x_wconf 74' lang='lat' dir='ltr'><strong>oto</strong></span> 
     </span>
    </p>
   </div>
   <div class='ocr_carea' id='block_1_2' title="bbox 69 364 1182 3030">
    <p class='ocr_par' dir='ltr' id='par_1_2' title="bbox 74 364 1133 1529">
     <span class='ocr_line' id='line_1_2' title="bbox 95 364 1129 445; baseline -0.003 -17"><span class='ocrx_word' id='word_1_11' title='bbox 95 399 100 408; x_wconf 86' lang='lat'><strong>·</strong></span> <span class='ocrx_word' id='word_1_12' title='bbox 131 390 144 419; x_wconf 75' lang='lat' dir='ltr'><strong>a</strong></span> <span class='ocrx_word' id='word_1_13' title='bbox 167 381 288 437; x_wconf 85' lang='lat' dir='ltr'><strong>eorum,</strong></span> <span class='ocrx_word' id='word_1_14' title='bbox 308 365 490 445; x_wconf 77' lang='lat' dir='ltr'><strong>Baptizatur</strong></span> <span class='ocrx_word' id='word_1_15' title='bbox 507 382 607 425; x_wconf 82' lang='lat' dir='ltr'><strong>seruus</strong></span> <span class='ocrx_word' id='word_1_16' title='bbox 630 364 759 445; x_wconf 77' lang='lat' dir='ltr'><strong>Christi,</strong></span> <span class='ocrx_word' id='word_1_17' title='bbox 779 365 826 424; x_wconf 81' lang='lat' dir='ltr'><strong>vel</strong></span> <span class='ocrx_word' id='word_1_18' title='bbox 852 384 918 441; x_wconf 83' lang='lat' dir='ltr'><strong>quae</strong></span> <span class='ocrx_word' id='word_1_19' title='bbox 942 370 1063 443; x_wconf 85' lang='lat' dir='ltr'><strong>putatur</strong></span> <span class='ocrx_word' id='word_1_20' title='bbox 1084 364 1129 425; x_wconf 91' lang='lat' dir='ltr'><strong>illi</strong></span> 
     </span>
     <span class='ocr_line' id='line_1_3' title="bbox 129 445 1133 528; baseline 0.002 -25"><span class='ocrx_word' id='word_1_21' title='bbox 129 474 141 503; x_wconf 64' lang='lat' dir='ltr'><strong>a</strong></span> <span class='ocrx_word' id='word_1_22' title='bbox 165 446 358 526; x_wconf 73' lang='lat' dir='ltr'><strong>aequivalere,</strong></span> <span class='ocrx_word' id='word_1_23' title='bbox 374 448 520 528; x_wconf 82' lang='lat' dir='ltr'><strong>Baptizot</strong></span> <span class='ocrx_word' id='word_1_24' title='bbox 532 456 558 508; x_wconf 85' lang='lat' dir='ltr'><strong>te</strong></span> <span class='ocrx_word' id='word_1_25' title='bbox 575 445 730 508; x_wconf 76' lang='lat' dir='ltr'><strong>cbristus:</strong></span> <span class='ocrx_word' id='word_1_26' title='bbox 746 448 977 526; x_wconf 79' lang='lat' dir='ltr'>subintelligitur</span> <span class='ocrx_word' id='word_1_27' title='bbox 987 447 1066 508; x_wconf 88' lang='lat' dir='ltr'><strong>enim</strong></span> <span class='ocrx_word' id='word_1_28' title='bbox 1076 464 1133 527; x_wconf 81' lang='lat' dir='ltr'><strong>per</strong></span> 
     </span>
     <span class='ocr_line' id='line_1_4' title="bbox 128 530 1128 610; baseline -0.002 -18"><span class='ocrx_word' id='word_1_29' title='bbox 128 556 143 586; x_wconf 81' lang='grc'><strong>6</strong></span> <span class='ocrx_word' id='word_1_30' title='bbox 164 549 229 610; x_wconf 83' lang='grc'><strong>666,·</strong></span> <span class='ocrx_word' id='word_1_31' title='bbox 243 531 374 609; x_wconf 93' lang='lat' dir='ltr'><strong>alioqui,</strong></span> <span class='ocrx_word' id='word_1_32' title='bbox 389 531 413 591; x_wconf 90' lang='lat' dir='ltr'><strong>si</strong></span> <span class='ocrx_word' id='word_1_33' title='bbox 427 531 596 592; x_wconf 76' lang='lat' dir='ltr'><strong>excludatur</strong></span> <span class='ocrx_word' id='word_1_34' title='bbox 615 549 736 609; x_wconf 85' lang='lat' dir='ltr'><strong>persona</strong></span> <span class='ocrx_word' id='word_1_35' title='bbox 749 531 896 603; x_wconf 87' lang='lat' dir='ltr'><strong>ministri,</strong></span> <span class='ocrx_word' id='word_1_36' title='bbox 913 539 947 591; x_wconf 91' lang='lat' dir='ltr'><strong>ut</strong></span> <span class='ocrx_word' id='word_1_37' title='bbox 961 546 1061 590; x_wconf 86' lang='lat' dir='ltr'><strong>sensus</strong></span> <span class='ocrx_word' id='word_1_38' title='bbox 1072 530 1128 604; x_wconf 90' lang='lat' dir='ltr'><strong>sit,</strong></span> 
     </span>
     <span class='ocr_line' id='line_1_5' title="bbox 127 610 1129 694; baseline -0.003 -18"><span class='ocrx_word' id='word_1_39' title='bbox 127 639 141 669; x_wconf 81' lang='lat' dir='ltr'><strong>u</strong></span> <span class='ocrx_word' id='word_1_40' title='bbox 163 615 291 694; x_wconf 87' lang='lat' dir='ltr'><strong>baptizet</strong></span> <span class='ocrx_word' id='word_1_41' title='bbox 305 626 334 675; x_wconf 91' lang='lat' dir='ltr'><strong>te</strong></span> <span class='ocrx_word' id='word_1_42' title='bbox 348 613 499 685; x_wconf 85' lang='lat' dir='ltr'><strong>Christus,</strong></span> <span class='ocrx_word' id='word_1_43' title='bbox 519 622 549 674; x_wconf 89' lang='grc'><strong>61</strong></span> <span class='ocrx_word' id='word_1_44' title='bbox 567 632 626 674; x_wconf 89' lang='grc'><strong>666</strong></span> <span class='ocrx_word' id='word_1_45' title='bbox 644 632 697 692; x_wconf 80' lang='lat' dir='ltr'><strong>ego</strong></span> <span class='ocrx_word' id='word_1_46' title='bbox 711 657 720 683; x_wconf 87' lang='lat'><strong>,</strong></span> <span class='ocrx_word' id='word_1_47' title='bbox 734 614 795 694; x_wconf 87' lang='lat' dir='ltr'><strong>sive</strong></span> <span class='ocrx_word' id='word_1_48' title='bbox 814 610 874 674; x_wconf 89' lang='grc'><strong>666</strong></span> <span class='ocrx_word' id='word_1_49' title='bbox 891 630 944 691; x_wconf 87' lang='grc'><strong>666</strong></span> <span class='ocrx_word' id='word_1_50' title='bbox 955 632 1022 684; x_wconf 89' lang='lat' dir='ltr'><strong>me,</strong></span> <span class='ocrx_word' id='word_1_51' title='bbox 1034 612 1129 674; x_wconf 86' lang='lat' dir='ltr'><strong>lorma</strong></span> 
     </span>
     <span class='ocr_line' id='line_1_6' title="bbox 125 694 1128 778; baseline -0.004 -20"><span class='ocrx_word' id='word_1_52' title='bbox 125 723 140 753; x_wconf 81' lang='grc'><strong>6</strong></span> <span class='ocrx_word' id='word_1_53' title='bbox 164 699 246 758; x_wconf 87' lang='lat' dir='ltr'><strong>nulla</strong></span> <span class='ocrx_word' id='word_1_54' title='bbox 264 703 317 778; x_wconf 88' lang='lat' dir='ltr'><strong>est.</strong></span> <span class='ocrx_word' id='word_1_55' title='bbox 333 720 347 751; x_wconf 81' lang='lat' dir='ltr'><strong>o</strong></span> <span class='ocrx_word' id='word_1_56' title='bbox 361 697 422 775; x_wconf 84' lang='lat' dir='ltr'><strong>(lta</strong></span> <span class='ocrx_word' id='word_1_57' title='bbox 441 698 473 758; x_wconf 88' lang='lat' dir='ltr'><strong>S.</strong></span> <span class='ocrx_word' id='word_1_58' title='bbox 492 695 545 758; x_wconf 80' lang='lat' dir='ltr'><strong>Tb.</strong></span> <span class='ocrx_word' id='word_1_59' title='bbox 561 699 591 756; x_wconf 84' lang='grc'><strong>5.</strong></span> <span class='ocrx_word' id='word_1_60' title='bbox 602 716 634 778; x_wconf 86' lang='grc'><strong>6.</strong></span> <span class='ocrx_word' id='word_1_61' title='bbox 646 714 675 776; x_wconf 90' lang='lat' dir='ltr'><strong>q.</strong></span> <span class='ocrx_word' id='word_1_62' title='bbox 688 698 735 756; x_wconf 97' lang='grc'><strong>67.</strong></span> <span class='ocrx_word' id='word_1_63' title='bbox 748 716 795 757; x_wconf 86' lang='lat' dir='ltr'><strong>or.</strong></span> <span class='ocrx_word' id='word_1_64' title='bbox 809 698 838 758; x_wconf 89' lang='grc'><strong>6.</strong></span> <span class='ocrx_word' id='word_1_65' title='bbox 855 694 883 758; x_wconf 86' lang='lat' dir='ltr'><strong>e&#39;t</strong></span> <span class='ocrx_word' id='word_1_66' title='bbox 895 695 952 758; x_wconf 83' lang='lat' dir='ltr'><strong>alii</strong></span> <span class='ocrx_word' id='word_1_67' title='bbox 968 697 1128 757; x_wconf 81' lang='lat' dir='ltr'><strong>eommuni-</strong></span> 
     </span>
     <span class='ocr_line' id='line_1_7' title="bbox 125 778 1127 861; baseline -0.001 -21"><span class='ocrx_word' id='word_1_68' title='bbox 125 787 169 840; x_wconf 83' lang='lat' dir='ltr'><strong>ter</strong></span> <span class='ocrx_word' id='word_1_69' title='bbox 191 778 356 842; x_wconf 83' lang='lat' dir='ltr'><strong>eaatSalm.</strong></span> <span class='ocrx_word' id='word_1_70' title='bbox 368 778 402 840; x_wconf 85' lang='lat' dir='ltr'><strong>de</strong></span> <span class='ocrx_word' id='word_1_71' title='bbox 410 779 490 859; x_wconf 84' lang='lat' dir='ltr'><strong>bapt.</strong></span> <span class='ocrx_word' id='word_1_72' title='bbox 500 798 526 839; x_wconf 87' lang='lat' dir='ltr'><strong>e.</strong></span> <span class='ocrx_word' id='word_1_73' title='bbox 537 782 566 840; x_wconf 80' lang='grc'><strong>1.</strong></span> <span class='ocrx_word' id='word_1_74' title='bbox 574 797 607 860; x_wconf 86' lang='grc'><strong>6.</strong></span> <span class='ocrx_word' id='word_1_75' title='bbox 627 783 656 841; x_wconf 95' lang='grc'><strong>5.</strong></span> <span class='ocrx_word' id='word_1_76' title='bbox 670 799 702 839; x_wconf 81' lang='lat' dir='ltr'><strong>a.</strong></span> <span class='ocrx_word' id='word_1_77' title='bbox 713 783 762 842; x_wconf 87' lang='grc'><strong>28.</strong></span> <span class='ocrx_word' id='word_1_78' title='bbox 772 781 1009 861; x_wconf 78' lang='grc'><strong>6166666166.</strong></span> <span class='ocrx_word' id='word_1_79' title='bbox 1019 798 1051 839; x_wconf 86' lang='lat' dir='ltr'><strong>o.</strong></span> <span class='ocrx_word' id='word_1_80' title='bbox 1066 778 1127 856; x_wconf 84' lang='grc'><strong>10.)</strong></span> 
     </span>
     <span class='ocr_line' id='line_1_8' title="bbox 128 863 1126 942; baseline -0.002 -18"><span class='ocrx_word' id='word_1_81' title='bbox 128 889 141 916; x_wconf 82' lang='lat' dir='ltr'><strong>u</strong></span> <span class='ocrx_word' id='word_1_82' title='bbox 162 864 198 924; x_wconf 91' lang='lat' dir='ltr'><strong>ln</strong></span> <span class='ocrx_word' id='word_1_83' title='bbox 214 879 281 924; x_wconf 82' lang='lat' dir='ltr'><strong>essu</strong></span> <span class='ocrx_word' id='word_1_84' title='bbox 301 873 400 925; x_wconf 86' lang='lat' dir='ltr'><strong>tamen</strong></span> <span class='ocrx_word' id='word_1_85' title='bbox 413 864 607 935; x_wconf 79' lang='lat' dir='ltr'><strong>necessitatis,</strong></span> <span class='ocrx_word' id='word_1_86' title='bbox 623 881 707 942; x_wconf 90' lang='lat' dir='ltr'><strong>posse</strong></span> <span class='ocrx_word' id='word_1_87' title='bbox 725 864 779 923; x_wconf 88' lang='lat' dir='ltr'><strong>sub</strong></span> <span class='ocrx_word' id='word_1_88' title='bbox 792 865 959 924; x_wconf 84' lang='lat' dir='ltr'><strong>conditione</strong></span> <span class='ocrx_word' id='word_1_89' title='bbox 971 864 1011 924; x_wconf 92' lang='lat' dir='ltr'><strong>ita</strong></span> <span class='ocrx_word' id='word_1_90' title='bbox 1023 863 1126 941; x_wconf 89' lang='lat' dir='ltr'><strong>bapti·</strong></span> 
     </span>
     <span class='ocr_line' id='line_1_9' title="bbox 123 946 1125 1026; baseline -0.002 -19"><span class='ocrx_word' id='word_1_91' title='bbox 123 971 138 999; x_wconf 78' lang='lat' dir='ltr'><strong>a</strong></span> <span class='ocrx_word' id='word_1_92' title='bbox 161 963 260 1007; x_wconf 89' lang='lat' dir='ltr'><strong>smum</strong></span> <span class='ocrx_word' id='word_1_93' title='bbox 273 947 420 1017; x_wconf 84' lang='lat' dir='ltr'><strong>conferri,</strong></span> <span class='ocrx_word' id='word_1_94' title='bbox 442 957 476 1006; x_wconf 90' lang='lat' dir='ltr'><strong>ut</strong></span> <span class='ocrx_word' id='word_1_95' title='bbox 490 965 518 1006; x_wconf 91' lang='lat' dir='ltr'><strong>v.</strong></span> <span class='ocrx_word' id='word_1_96' title='bbox 536 965 566 1026; x_wconf 83' lang='lat' dir='ltr'><strong>g.</strong></span> <span class='ocrx_word' id='word_1_97' title='bbox 582 956 680 1006; x_wconf 89' lang='lat' dir='ltr'><strong>mutus</strong></span> <span class='ocrx_word' id='word_1_98' title='bbox 695 946 819 1006; x_wconf 84' lang='lat' dir='ltr'><strong>formam</strong></span> <span class='ocrx_word' id='word_1_99' title='bbox 838 948 968 1008; x_wconf 82' lang='lat' dir='ltr'><strong>nesciens</strong></span> <span class='ocrx_word' id='word_1_100' title='bbox 981 946 1125 1018; x_wconf 87' lang='lat' dir='ltr'><strong>ablueret,</strong></span> 
     </span>
     <span class='ocr_line' id='line_1_10' title="bbox 122 1030 1122 1108; baseline 0.005 -22"><span class='ocrx_word' id='word_1_101' title='bbox 122 1054 135 1085; x_wconf 78' lang='grc'><strong>6</strong></span> <span class='ocrx_word' id='word_1_102' title='bbox 160 1046 253 1091; x_wconf 86' lang='lat' dir='ltr'><strong>eaecus</strong></span> <span class='ocrx_word' id='word_1_103' title='bbox 281 1040 381 1091; x_wconf 86' lang='lat' dir='ltr'><strong>autern</strong></span> <span class='ocrx_word' id='word_1_104' title='bbox 404 1030 529 1091; x_wconf 85' lang='lat' dir='ltr'><strong>sormam</strong></span> <span class='ocrx_word' id='word_1_105' title='bbox 559 1031 786 1108; x_wconf 86' lang='lat' dir='ltr'><strong>pronuntiaret,</strong></span> <span class='ocrx_word' id='word_1_106' title='bbox 809 1031 895 1093; x_wconf 87' lang='lat' dir='ltr'><strong>docet</strong></span> <span class='ocrx_word' id='word_1_107' title='bbox 919 1034 1010 1092; x_wconf 84' lang='grc'><strong>11661.</strong></span> <span class='ocrx_word' id='word_1_108' title='bbox 1034 1050 1065 1091; x_wconf 88' lang='grc'><strong>6.</strong></span> <span class='ocrx_word' id='word_1_109' title='bbox 1092 1034 1122 1091; x_wconf 93' lang='grc'><strong>2.</strong></span> 
     </span>
     <span class='ocr_line' id='line_1_11' title="bbox 121 1110 1125 1192; baseline 0.005 -24"><span class='ocrx_word' id='word_1_110' title='bbox 121 1138 135 1168; x_wconf 72' lang='lat' dir='ltr'><strong>u</strong></span> <span class='ocrx_word' id='word_1_111' title='bbox 159 1111 227 1192; x_wconf 81' lang='lat' dir='ltr'><strong>diff.</strong></span> <span class='ocrx_word' id='word_1_112' title='bbox 244 1113 274 1174; x_wconf 87' lang='lat' dir='ltr'><strong>o.</strong></span> <span class='ocrx_word' id='word_1_113' title='bbox 288 1113 447 1190; x_wconf 79' lang='lat' dir='ltr'><strong>additque,</strong></span> <span class='ocrx_word' id='word_1_114' title='bbox 466 1113 573 1173; x_wconf 75' lang='lat' dir='ltr'><strong>debere</strong></span> <span class='ocrx_word' id='word_1_115' title='bbox 601 1115 707 1181; x_wconf 85' lang='lat' dir='ltr'><strong>telem,</strong></span> <span class='ocrx_word' id='word_1_116' title='bbox 725 1115 822 1192; x_wconf 85' lang='lat' dir='ltr'><strong>elapso</strong></span> <span class='ocrx_word' id='word_1_117' title='bbox 840 1115 992 1192; x_wconf 83' lang='lat' dir='ltr'><strong>periculo,</strong></span> <span class='ocrx_word' id='word_1_118' title='bbox 1016 1110 1125 1175; x_wconf 75' lang='lat' dir='ltr'><strong>iterium</strong></span> 
     </span>
     <span class='ocr_line' id='line_1_12' title="bbox 74 1193 1123 1277; baseline 0.005 -26"><span class='ocrx_word' id='word_1_119' title='bbox 74 1266 76 1270; x_wconf 6' lang='grc' dir='ltr'>μ</span> <span class='ocrx_word' id='word_1_120' title='bbox 120 1222 134 1251; x_wconf 68' lang='lat' dir='ltr'><strong>a</strong></span> <span class='ocrx_word' id='word_1_121' title='bbox 153 1196 215 1257; x_wconf 88' lang='lat' dir='ltr'><strong>sub</strong></span> <span class='ocrx_word' id='word_1_122' title='bbox 235 1196 401 1259; x_wconf 85' lang='lat' dir='ltr'><strong>conditione</strong></span> <span class='ocrx_word' id='word_1_123' title='bbox 419 1195 569 1274; x_wconf 83' lang='lat' dir='ltr'><strong>baptizari.</strong></span> <span class='ocrx_word' id='word_1_124' title='bbox 588 1196 658 1257; x_wconf 83' lang='lat' dir='ltr'><strong>Vide</strong></span> <span class='ocrx_word' id='word_1_125' title='bbox 670 1193 741 1258; x_wconf 85' lang='lat' dir='ltr'><strong>Fill.</strong></span> <span class='ocrx_word' id='word_1_126' title='bbox 761 1216 785 1258; x_wconf 88' lang='lat' dir='ltr'><strong>e.</strong></span> <span class='ocrx_word' id='word_1_127' title='bbox 804 1200 833 1258; x_wconf 82' lang='lat' dir='ltr'><strong>l.</strong></span> <span class='ocrx_word' id='word_1_128' title='bbox 848 1197 942 1258; x_wconf 83' lang='lat' dir='ltr'><strong>Diuo.</strong></span> <span class='ocrx_word' id='word_1_129' title='bbox 960 1214 993 1277; x_wconf 82' lang='lat' dir='ltr'><strong>p.</strong></span> <span class='ocrx_word' id='word_1_130' title='bbox 1009 1199 1074 1259; x_wconf 87' lang='grc'><strong>5.1.</strong></span> <span class='ocrx_word' id='word_1_131' title='bbox 1094 1197 1123 1257; x_wconf 87' lang='grc'><strong>5.</strong></span> 
     </span>
     <span class='ocr_line' id='line_1_13' title="bbox 121 1277 1122 1362; baseline 0.001 -22"><span class='ocrx_word' id='word_1_132' title='bbox 121 1304 135 1333; x_wconf 76' lang='lat' dir='ltr'><strong>a</strong></span> <span class='ocrx_word' id='word_1_133' title='bbox 158 1297 186 1342; x_wconf 87' lang='lat' dir='ltr'><strong>r.</strong></span> <span class='ocrx_word' id='word_1_134' title='bbox 203 1280 253 1342; x_wconf 90' lang='grc'><strong>26.</strong></span> <span class='ocrx_word' id='word_1_135' title='bbox 271 1298 308 1341; x_wconf 80' lang='lat' dir='ltr'><strong>aa</strong></span> <span class='ocrx_word' id='word_1_136' title='bbox 323 1278 513 1362; x_wconf 79' lang='grc'><strong>6666666611.</strong></span> <span class='ocrx_word' id='word_1_137' title='bbox 528 1277 648 1340; x_wconf 79' lang='lat' dir='ltr'><strong>blaesil.</strong></span> <span class='ocrx_word' id='word_1_138' title='bbox 668 1288 720 1340; x_wconf 86' lang='lat' dir='ltr'><strong>eto.</strong></span> <span class='ocrx_word' id='word_1_139' title='bbox 732 1283 809 1341; x_wconf 85' lang='lat' dir='ltr'><strong>Bon.</strong></span> <span class='ocrx_word' id='word_1_140' title='bbox 824 1279 855 1343; x_wconf 88' lang='lat' dir='ltr'><strong>d.</strong></span> <span class='ocrx_word' id='word_1_141' title='bbox 875 1284 906 1342; x_wconf 90' lang='grc'><strong>2.</strong></span> <span class='ocrx_word' id='word_1_142' title='bbox 921 1299 973 1361; x_wconf 83' lang='lat' dir='ltr'><strong>qo.</strong></span> <span class='ocrx_word' id='word_1_143' title='bbox 991 1283 1021 1342; x_wconf 86' lang='grc'><strong>2.</strong></span> <span class='ocrx_word' id='word_1_144' title='bbox 1038 1300 1072 1361; x_wconf 83' lang='grc'><strong>6.</strong></span> <span class='ocrx_word' id='word_1_145' title='bbox 1091 1282 1122 1342; x_wconf 76' lang='lat' dir='ltr'><strong>l.</strong></span> 
     </span>
     <span class='ocr_line' id='line_1_14' title="bbox 119 1363 1124 1446; baseline 0.006 -27"><span class='ocrx_word' id='word_1_146' title='bbox 119 1390 133 1419; x_wconf 74' lang='lat' dir='ltr'><strong>o</strong></span> <span class='ocrx_word' id='word_1_147' title='bbox 156 1382 190 1426; x_wconf 84' lang='lat' dir='ltr'><strong>rt.</strong></span> <span class='ocrx_word' id='word_1_148' title='bbox 207 1365 256 1426; x_wconf 89' lang='grc'><strong>25.</strong></span> <span class='ocrx_word' id='word_1_149' title='bbox 273 1366 459 1445; x_wconf 74' lang='grc'><strong>16666666.</strong></span> <span class='ocrx_word' id='word_1_150' title='bbox 480 1367 510 1425; x_wconf 89' lang='lat'><strong>7.</strong></span> <span class='ocrx_word' id='word_1_151' title='bbox 529 1389 542 1418; x_wconf 77' lang='lat' dir='ltr'><strong>a</strong></span> <span class='ocrx_word' id='word_1_152' title='bbox 565 1367 627 1442; x_wconf 90' lang='lat' dir='ltr'><strong>(lta</strong></span> <span class='ocrx_word' id='word_1_153' title='bbox 645 1366 836 1426; x_wconf 78' lang='grc'><strong>6116668666.</strong></span> <span class='ocrx_word' id='word_1_154' title='bbox 853 1384 919 1427; x_wconf 84' lang='lat' dir='ltr'><strong>curn</strong></span> <span class='ocrx_word' id='word_1_155' title='bbox 935 1363 1124 1446; x_wconf 63' lang='grc'><strong>1166611666-</strong></span> 
     </span>
     <span class='ocr_line' id='line_1_15' title="bbox 117 1444 980 1529; baseline -0.001 -20"><span class='ocrx_word' id='word_1_156' title='bbox 117 1445 168 1510; x_wconf 80' lang='lat' dir='ltr'><strong>til.</strong></span> <span class='ocrx_word' id='word_1_157' title='bbox 182 1444 293 1510; x_wconf 69' lang='lat' dir='ltr'><strong>Leonti.</strong></span> <span class='ocrx_word' id='word_1_158' title='bbox 305 1456 357 1508; x_wconf 83' lang='lat' dir='ltr'><strong>eto.</strong></span> <span class='ocrx_word' id='word_1_159' title='bbox 374 1446 457 1529; x_wconf 85' lang='lat' dir='ltr'><strong>apud</strong></span> <span class='ocrx_word' id='word_1_160' title='bbox 472 1444 565 1508; x_wconf 80' lang='lat' dir='ltr'><strong>Salm.</strong></span> <span class='ocrx_word' id='word_1_161' title='bbox 580 1455 617 1507; x_wconf 86' lang='lat' dir='ltr'><strong>tr.</strong></span> <span class='ocrx_word' id='word_1_162' title='bbox 633 1451 662 1508; x_wconf 85' lang='grc'><strong>2.</strong></span> <span class='ocrx_word' id='word_1_163' title='bbox 683 1466 707 1508; x_wconf 85' lang='grc'><strong>6.</strong></span> <span class='ocrx_word' id='word_1_164' title='bbox 727 1451 758 1508; x_wconf 79' lang='lat' dir='ltr'><strong>l.</strong></span> <span class='ocrx_word' id='word_1_165' title='bbox 768 1468 800 1528; x_wconf 84' lang='lat' dir='ltr'><strong>p.</strong></span> <span class='ocrx_word' id='word_1_166' title='bbox 812 1451 841 1509; x_wconf 90' lang='grc'><strong>5.</strong></span> <span class='ocrx_word' id='word_1_167' title='bbox 855 1469 888 1510; x_wconf 82' lang='lat' dir='ltr'><strong>rr.</strong></span> <span class='ocrx_word' id='word_1_168' title='bbox 907 1451 939 1510; x_wconf 91' lang='grc'><strong>51</strong></span> <span class='ocrx_word' id='word_1_169' title='bbox 948 1449 980 1528; x_wconf 88' lang='grc'><strong>.).</strong></span> 
     </span>
    </p>

    <p class='ocr_par' dir='ltr' id='par_1_3' title="bbox 69 1531 1182 3030">
     <span class='ocr_line' id='line_1_16' title="bbox 158 1531 1124 1613; baseline 0.002 -20"><span class='ocrx_word' id='word_1_170' title='bbox 158 1532 407 1610; x_wconf 59' lang='grc' dir='ltr'><strong>120.-κ611666.</strong></span> <span class='ocrx_word' id='word_1_171' title='bbox 428 1534 458 1592; x_wconf 87' lang='grc'><strong>2.</strong></span> <span class='ocrx_word' id='word_1_172' title='bbox 482 1531 512 1591; x_wconf 93' lang='lat' dir='ltr'><strong>Si</strong></span> <span class='ocrx_word' id='word_1_173' title='bbox 533 1532 631 1608; x_wconf 90' lang='lat' dir='ltr'><strong>plures</strong></span> <span class='ocrx_word' id='word_1_174' title='bbox 654 1532 782 1592; x_wconf 89' lang='lat' dir='ltr'><strong>ministri</strong></span> <span class='ocrx_word' id='word_1_175' title='bbox 805 1534 912 1613; x_wconf 78' lang='lat' dir='ltr'><strong>singuli</strong></span> <span class='ocrx_word' id='word_1_176' title='bbox 936 1534 1074 1606; x_wconf 87' lang='lat' dir='ltr'><strong>abluant,</strong></span> <span class='ocrx_word' id='word_1_177' title='bbox 1093 1540 1124 1595; x_wconf 92' lang='grc'><strong>61</strong></span> 
     </span>
     <span class='ocr_line' id='line_1_17' title="bbox 117 1616 1124 1694; baseline 0.003 -19"><span class='ocrx_word' id='word_1_178' title='bbox 117 1641 130 1670; x_wconf 80' lang='lat' dir='ltr'><strong>u</strong></span> <span class='ocrx_word' id='word_1_179' title='bbox 157 1616 283 1677; x_wconf 85' lang='lat' dir='ltr'><strong>sormam</strong></span> <span class='ocrx_word' id='word_1_180' title='bbox 299 1616 515 1694; x_wconf 88' lang='lat' dir='ltr'><strong>pronuntient,</strong></span> <span class='ocrx_word' id='word_1_181' title='bbox 533 1616 661 1692; x_wconf 83' lang='lat' dir='ltr'><strong>graviter</strong></span> <span class='ocrx_word' id='word_1_182' title='bbox 674 1625 795 1693; x_wconf 86' lang='grc'><strong>6666661</strong></span> <span class='ocrx_word' id='word_1_183' title='bbox 811 1626 911 1677; x_wconf 83' lang='lat' dir='ltr'><strong>eontra</strong></span> <span class='ocrx_word' id='word_1_184' title='bbox 926 1617 1017 1678; x_wconf 88' lang='lat' dir='ltr'><strong>ritum</strong></span> <span class='ocrx_word' id='word_1_185' title='bbox 1031 1619 1124 1679; x_wconf 86' lang='lat' dir='ltr'><strong>Eccle-</strong></span> 
     </span>
     <span class='ocr_line' id='line_1_18' title="bbox 118 1698 1122 1781; baseline 0.008 -27"><span class='ocrx_word' id='word_1_186' title='bbox 118 1714 138 1754; x_wconf 66' lang='lat' dir='ltr'><strong>a‘</strong></span> <span class='ocrx_word' id='word_1_187' title='bbox 156 1700 217 1760; x_wconf 86' lang='lat' dir='ltr'><strong>siae.</strong></span> <span class='ocrx_word' id='word_1_188' title='bbox 233 1699 278 1759; x_wconf 85' lang='lat' dir='ltr'><strong>lle</strong></span> <span class='ocrx_word' id='word_1_189' title='bbox 292 1699 392 1777; x_wconf 85' lang='lat' dir='ltr'><strong>valore</strong></span> <span class='ocrx_word' id='word_1_190' title='bbox 406 1699 447 1758; x_wconf 90' lang='lat' dir='ltr'><strong>sie</strong></span> <span class='ocrx_word' id='word_1_191' title='bbox 466 1698 540 1758; x_wconf 86' lang='lat' dir='ltr'><strong>solet</strong></span> <span class='ocrx_word' id='word_1_192' title='bbox 557 1699 720 1776; x_wconf 81' lang='lat' dir='ltr'><strong>distingui:</strong></span> <span class='ocrx_word' id='word_1_193' title='bbox 744 1702 773 1759; x_wconf 91' lang='grc'><strong>1.</strong></span> <span class='ocrx_word' id='word_1_194' title='bbox 794 1701 824 1760; x_wconf 89' lang='lat' dir='ltr'><strong>Si</strong></span> <span class='ocrx_word' id='word_1_195' title='bbox 847 1700 971 1781; x_wconf 80' lang='lat' dir='ltr'><strong>quilibet</strong></span> <span class='ocrx_word' id='word_1_196' title='bbox 995 1701 1122 1764; x_wconf 89' lang='lat' dir='ltr'><strong>intendit</strong></span> 
     </span>
     <span class='ocr_line' id='line_1_19' title="bbox 116 1781 1121 1862; baseline 0.01 -26"><span class='ocrx_word' id='word_1_197' title='bbox 116 1808 129 1837; x_wconf 74' lang='grc'><strong>6</strong></span> <span class='ocrx_word' id='word_1_198' title='bbox 156 1781 324 1861; x_wconf 82' lang='lat' dir='ltr'><strong>baptizare,</strong></span> <span class='ocrx_word' id='word_1_199' title='bbox 347 1781 548 1860; x_wconf 75' lang='lat' dir='ltr'><strong>dependenter</strong></span> <span class='ocrx_word' id='word_1_200' title='bbox 573 1782 610 1841; x_wconf 94' lang='lat' dir='ltr'><strong>ab</strong></span> <span class='ocrx_word' id='word_1_201' title='bbox 634 1784 711 1855; x_wconf 91' lang='lat' dir='ltr'><strong>alio,</strong></span> <span class='ocrx_word' id='word_1_202' title='bbox 735 1791 770 1841; x_wconf 92' lang='lat' dir='ltr'><strong>ut</strong></span> <span class='ocrx_word' id='word_1_203' title='bbox 802 1802 886 1844; x_wconf 85' lang='lat' dir='ltr'><strong>eausa</strong></span> <span class='ocrx_word' id='word_1_204' title='bbox 917 1786 1121 1862; x_wconf 84' lang='lat' dir='ltr'><strong>particularis3</strong></span> 
     </span>
     <span class='ocr_line' id='line_1_20' title="bbox 116 1863 1118 1946; baseline 0.007 -25"><span class='ocrx_word' id='word_1_205' title='bbox 116 1891 130 1921; x_wconf 83' lang='lat' dir='ltr'><strong>tt</strong></span> <span class='ocrx_word' id='word_1_206' title='bbox 156 1863 285 1926; x_wconf 75' lang='lat' dir='ltr'><strong>invalide</strong></span> <span class='ocrx_word' id='word_1_207' title='bbox 307 1865 475 1944; x_wconf 77' lang='lat' dir='ltr'><strong>baptizent,</strong></span> <span class='ocrx_word' id='word_1_208' title='bbox 497 1867 559 1925; x_wconf 84' lang='lat' dir='ltr'><strong>sire</strong></span> <span class='ocrx_word' id='word_1_209' title='bbox 578 1864 686 1942; x_wconf 87' lang='lat' dir='ltr'><strong>singuli</strong></span> <span class='ocrx_word' id='word_1_210' title='bbox 705 1865 821 1937; x_wconf 84' lang='lat' dir='ltr'><strong>dicent,</strong></span> <span class='ocrx_word' id='word_1_211' title='bbox 842 1869 905 1945; x_wconf 79' lang='lat' dir='ltr'><strong>qu</strong></span> <span class='ocrx_word' id='word_1_212' title='bbox 930 1874 956 1925; x_wconf 87' lang='lat' dir='ltr'><strong>te</strong></span> <span class='ocrx_word' id='word_1_213' title='bbox 979 1865 1118 1946; x_wconf 80' lang='lat' dir='ltr'><strong>baptizo,</strong></span> 
     </span>
     <span class='ocr_line' id='line_1_21' title="bbox 116 1948 1122 2029; baseline -0.001 -18"><span class='ocrx_word' id='word_1_214' title='bbox 116 1977 129 2005; x_wconf 80' lang='grc'><strong>6</strong></span> <span class='ocrx_word' id='word_1_215' title='bbox 156 1950 236 2024; x_wconf 86' lang='grc'><strong>6166,</strong></span> <span class='ocrx_word' id='word_1_216' title='bbox 255 1950 318 2012; x_wconf 85' lang='lat' dir='ltr'><strong>Nos</strong></span> <span class='ocrx_word' id='word_1_217' title='bbox 337 1956 362 2008; x_wconf 90' lang='grc'><strong>16</strong></span> <span class='ocrx_word' id='word_1_218' title='bbox 383 1948 592 2029; x_wconf 77' lang='lat' dir='ltr'><strong>baptizamus:</strong></span> <span class='ocrx_word' id='word_1_219' title='bbox 612 1948 679 2024; x_wconf 88' lang='lat' dir='ltr'><strong>quia</strong></span> <span class='ocrx_word' id='word_1_220' title='bbox 699 1948 914 2025; x_wconf 79' lang='lat' dir='ltr'><strong>forn1a‚eujus</strong></span> <span class='ocrx_word' id='word_1_221' title='bbox 934 1965 1034 2009; x_wconf 89' lang='lat' dir='ltr'><strong>sensus</strong></span> <span class='ocrx_word' id='word_1_222' title='bbox 1053 1964 1122 2010; x_wconf 87' lang='lat' dir='ltr'><strong>oen-</strong></span> 
     </span>
     <span class='ocr_line' id='line_1_22' title="bbox 117 2029 1122 2108; baseline -0.004 -15"><span class='ocrx_word' id='word_1_223' title='bbox 117 2061 129 2087; x_wconf 80' lang='lat'><strong>»</strong></span> <span class='ocrx_word' id='word_1_224' title='bbox 159 2042 241 2097; x_wconf 83' lang='lat' dir='ltr'><strong>setar</strong></span> <span class='ocrx_word' id='word_1_225' title='bbox 253 2049 314 2097; x_wconf 87' lang='lat' dir='ltr'><strong>esse</strong></span> <span class='ocrx_word' id='word_1_226' title='bbox 327 2031 473 2103; x_wconf 75' lang='lat' dir='ltr'><strong>absolute,</strong></span> <span class='ocrx_word' id='word_1_227' title='bbox 490 2043 519 2091; x_wconf 90' lang='lat' dir='ltr'><strong>et</strong></span> <span class='ocrx_word' id='word_1_228' title='bbox 531 2029 760 2108; x_wconf 81' lang='lat' dir='ltr'><strong>independenter</strong></span> <span class='ocrx_word' id='word_1_229' title='bbox 777 2031 943 2106; x_wconf 88' lang='lat' dir='ltr'><strong>baptizare,</strong></span> <span class='ocrx_word' id='word_1_230' title='bbox 964 2047 1023 2090; x_wconf 90' lang='lat' dir='ltr'><strong>non</strong></span> <span class='ocrx_word' id='word_1_231' title='bbox 1036 2030 1122 2090; x_wconf 87' lang='lat' dir='ltr'><strong>eoba·</strong></span> 
     </span>
     <span class='ocr_line' id='line_1_23' title="bbox 115 2113 1118 2197; baseline -0.003 -21"><span class='ocrx_word' id='word_1_232' title='bbox 115 2144 129 2171; x_wconf 81' lang='lat' dir='ltr'><strong>u</strong></span> <span class='ocrx_word' id='word_1_233' title='bbox 157 2117 285 2197; x_wconf 87' lang='lat' dir='ltr'><strong>ptizere,</strong></span> <span class='ocrx_word' id='word_1_234' title='bbox 301 2124 344 2176; x_wconf 96' lang='grc'><strong>661</strong></span> <span class='ocrx_word' id='word_1_235' title='bbox 361 2116 468 2175; x_wconf 76' lang='lat' dir='ltr'><strong>falsa.»</strong></span> <span class='ocrx_word' id='word_1_236' title='bbox 490 2114 583 2193; x_wconf 86' lang='lat' dir='ltr'><strong>(ldero</strong></span> <span class='ocrx_word' id='word_1_237' title='bbox 599 2113 678 2174; x_wconf 84' lang='lat' dir='ltr'><strong>docet</strong></span> <span class='ocrx_word' id='word_1_238' title='bbox 693 2116 722 2174; x_wconf 89' lang='lat' dir='ltr'><strong>S.</strong></span> <span class='ocrx_word' id='word_1_239' title='bbox 743 2113 842 2174; x_wconf 71' lang='grc'><strong>6166.</strong></span> <span class='ocrx_word' id='word_1_240' title='bbox 858 2131 892 2195; x_wconf 80' lang='lat' dir='ltr'><strong>p.</strong></span> <span class='ocrx_word' id='word_1_241' title='bbox 905 2129 934 2191; x_wconf 91' lang='lat' dir='ltr'><strong>q.</strong></span> <span class='ocrx_word' id='word_1_242' title='bbox 955 2114 1004 2171; x_wconf 90' lang='grc'><strong>67.</strong></span> <span class='ocrx_word' id='word_1_243' title='bbox 1020 2131 1074 2193; x_wconf 61' lang='lat' dir='ltr'><strong>ar„</strong></span> <span class='ocrx_word' id='word_1_244' title='bbox 1088 2114 1118 2173; x_wconf 88' lang='lat' dir='ltr'><strong>o.</strong></span> 
     </span>
     <span class='ocr_line' id='line_1_24' title="bbox 114 2193 1118 2278; baseline -0.007 -17"><span class='ocrx_word' id='word_1_245' title='bbox 114 2219 184 2261; x_wconf 79' lang='lat' dir='ltr'><strong>rum</strong></span> <span class='ocrx_word' id='word_1_246' title='bbox 203 2201 293 2262; x_wconf 79' lang='lat' dir='ltr'><strong>Sator.</strong></span> <span class='ocrx_word' id='word_1_247' title='bbox 318 2201 406 2278; x_wconf 80' lang='lat' dir='ltr'><strong>Vosq.</strong></span> <span class='ocrx_word' id='word_1_248' title='bbox 425 2205 453 2257; x_wconf 87' lang='lat' dir='ltr'><strong>el</strong></span> <span class='ocrx_word' id='word_1_249' title='bbox 470 2195 563 2257; x_wconf 81' lang='lat' dir='ltr'><strong>Solle.</strong></span> <span class='ocrx_word' id='word_1_250' title='bbox 585 2195 658 2258; x_wconf 79' lang='lat' dir='ltr'><strong>ibid.</strong></span> <span class='ocrx_word' id='word_1_251' title='bbox 679 2199 776 2258; x_wconf 71' lang='grc'><strong>1125.</strong></span> <span class='ocrx_word' id='word_1_252' title='bbox 794 2193 1023 2272; x_wconf 60' lang='lat' dir='ltr'><strong>ferramentum</strong></span> <span class='ocrx_word' id='word_1_253' title='bbox 1043 2198 1073 2256; x_wconf 90' lang='grc'><strong>2.</strong></span> <span class='ocrx_word' id='word_1_254' title='bbox 1088 2195 1118 2256; x_wconf 83' lang='lat' dir='ltr'><strong>si</strong></span> 
     </span>
     <span class='ocr_line' id='line_1_25' title="bbox 115 2278 1117 2362; baseline 0 -24"><span class='ocrx_word' id='word_1_255' title='bbox 115 2309 129 2338; x_wconf 72' lang='lat' dir='ltr'><strong>a</strong></span> <span class='ocrx_word' id='word_1_256' title='bbox 156 2283 280 2362; x_wconf 88' lang='lat' dir='ltr'><strong>quisque</strong></span> <span class='ocrx_word' id='word_1_257' title='bbox 297 2300 351 2360; x_wconf 88' lang='lat' dir='ltr'><strong>por</strong></span> <span class='ocrx_word' id='word_1_258' title='bbox 371 2299 402 2341; x_wconf 85' lang='lat' dir='ltr'><strong>se</strong></span> <span class='ocrx_word' id='word_1_259' title='bbox 420 2281 553 2341; x_wconf 88' lang='lat' dir='ltr'><strong>intendat</strong></span> <span class='ocrx_word' id='word_1_260' title='bbox 570 2281 733 2357; x_wconf 87' lang='lat' dir='ltr'><strong>baptizare,</strong></span> <span class='ocrx_word' id='word_1_261' title='bbox 754 2279 983 2357; x_wconf 85' lang='lat' dir='ltr'><strong>independenter</strong></span> <span class='ocrx_word' id='word_1_262' title='bbox 995 2278 1031 2357; x_wconf 86' lang='lat' dir='ltr'><strong>ab</strong></span> <span class='ocrx_word' id='word_1_263' title='bbox 1041 2280 1117 2346; x_wconf 83' lang='lat' dir='ltr'><strong>alio,</strong></span> 
     </span>
     <span class='ocr_line' id='line_1_26' title="bbox 114 2359 1119 2444; baseline -0.003 -22"><span class='ocrx_word' id='word_1_264' title='bbox 114 2391 129 2422; x_wconf 75' lang='grc'><strong>6</strong></span> <span class='ocrx_word' id='word_1_265' title='bbox 155 2365 250 2428; x_wconf 75' lang='lat' dir='ltr'><strong>valide</strong></span> <span class='ocrx_word' id='word_1_266' title='bbox 262 2366 407 2444; x_wconf 85' lang='lat' dir='ltr'><strong>baptizet,</strong></span> <span class='ocrx_word' id='word_1_267' title='bbox 422 2365 597 2441; x_wconf 84' lang='lat' dir='ltr'><strong>quiaomuie</strong></span> <span class='ocrx_word' id='word_1_268' title='bbox 608 2365 746 2442; x_wconf 89' lang='lat' dir='ltr'><strong>requisita</strong></span> <span class='ocrx_word' id='word_1_269' title='bbox 758 2363 859 2440; x_wconf 72' lang='lat' dir='ltr'><strong>ponit,</strong></span> <span class='ocrx_word' id='word_1_270' title='bbox 872 2371 904 2421; x_wconf 91' lang='lat' dir='ltr'><strong>ut</strong></span> <span class='ocrx_word' id='word_1_271' title='bbox 914 2370 993 2437; x_wconf 90' lang='grc'><strong>66161</strong></span> <span class='ocrx_word' id='word_1_272' title='bbox 1004 2359 1020 2420; x_wconf 76' lang='lat' dir='ltr'><strong>i</strong></span> <span class='ocrx_word' id='word_1_273' title='bbox 1030 2361 1119 2420; x_wconf 88' lang='lat' dir='ltr'><strong>simili</strong></span> 
     </span>
     <span class='ocr_line' id='line_1_27' title="bbox 114 2442 1117 2524; baseline 0.001 -21"><span class='ocrx_word' id='word_1_274' title='bbox 114 2475 129 2504; x_wconf 74' lang='grc'><strong>6</strong></span> <span class='ocrx_word' id='word_1_275' title='bbox 155 2449 188 2509; x_wconf 91' lang='grc'><strong>16</strong></span> <span class='ocrx_word' id='word_1_276' title='bbox 213 2450 308 2509; x_wconf 75' lang='lat' dir='ltr'><strong>&#39;missa</strong></span> <span class='ocrx_word' id='word_1_277' title='bbox 337 2447 552 2519; x_wconf 84' lang='lat' dir='ltr'><strong>ordinationis,</strong></span> <span class='ocrx_word' id='word_1_278' title='bbox 574 2442 813 2524; x_wconf 74' lang='grc'><strong>6666666666166</strong></span> <span class='ocrx_word' id='word_1_279' title='bbox 844 2446 959 2503; x_wconf 89' lang='lat' dir='ltr'><strong>noviter</strong></span> <span class='ocrx_word' id='word_1_280' title='bbox 991 2443 1117 2509; x_wconf 86' lang='lat' dir='ltr'><strong>ordinati</strong></span> 
     </span>
     <span class='ocr_line' id='line_1_28' title="bbox 69 2526 1118 2607; baseline -0.003 -16"><span class='ocrx_word' id='word_1_281' title='bbox 69 2586 73 2591; x_wconf 85' lang='lat'><strong>.</strong></span> <span class='ocrx_word' id='word_1_282' title='bbox 114 2559 128 2588; x_wconf 76' lang='grc'><strong>6</strong></span> <span class='ocrx_word' id='word_1_283' title='bbox 154 2533 243 2592; x_wconf 90' lang='lat' dir='ltr'><strong>simul</strong></span> <span class='ocrx_word' id='word_1_284' title='bbox 259 2539 428 2592; x_wconf 85' lang='grc'><strong>6666666661</strong></span> <span class='ocrx_word' id='word_1_285' title='bbox 451 2548 518 2590; x_wconf 88' lang='lat' dir='ltr'><strong>eum</strong></span> <span class='ocrx_word' id='word_1_286' title='bbox 539 2531 699 2607; x_wconf 80' lang='lat' dir='ltr'><strong>Episcopo,</strong></span> <span class='ocrx_word' id='word_1_287' title='bbox 720 2527 881 2588; x_wconf 84' lang='lat' dir='ltr'><strong>nummodb</strong></span> <span class='ocrx_word' id='word_1_288' title='bbox 903 2526 990 2603; x_wconf 86' lang='lat' dir='ltr'><strong>simul</strong></span> <span class='ocrx_word' id='word_1_289' title='bbox 1015 2527 1118 2588; x_wconf 86' lang='lat' dir='ltr'><strong>eodem</strong></span> 
     </span>
     <span class='ocr_line' id='line_1_29' title="bbox 86 2610 1116 2691; baseline 0 -20"><span class='ocrx_word' id='word_1_290' title='bbox 86 2686 89 2691; x_wconf 7' lang='grc' dir='ltr'>ξ</span> <span class='ocrx_word' id='word_1_291' title='bbox 114 2641 129 2671; x_wconf 72' lang='lat' dir='ltr'><strong>o</strong></span> <span class='ocrx_word' id='word_1_292' title='bbox 154 2616 275 2675; x_wconf 86' lang='lat' dir='ltr'><strong>instanti</strong></span> <span class='ocrx_word' id='word_1_293' title='bbox 292 2615 415 2673; x_wconf 82' lang='lat' dir='ltr'><strong>sormam</strong></span> <span class='ocrx_word' id='word_1_294' title='bbox 432 2613 582 2673; x_wconf 87' lang='lat' dir='ltr'><strong>absolvent</strong></span> <span class='ocrx_word' id='word_1_295' title='bbox 596 2631 604 2671; x_wconf 75' lang='lat' dir='ltr'>z</span> <span class='ocrx_word' id='word_1_296' title='bbox 619 2613 643 2671; x_wconf 86' lang='lat' dir='ltr'><strong>si</strong></span> <span class='ocrx_word' id='word_1_297' title='bbox 658 2614 756 2672; x_wconf 82' lang='lat' dir='ltr'><strong>eutem</strong></span> <span class='ocrx_word' id='word_1_298' title='bbox 775 2627 835 2670; x_wconf 90' lang='lat' dir='ltr'><strong>non</strong></span> <span class='ocrx_word' id='word_1_299' title='bbox 847 2610 935 2670; x_wconf 91' lang='lat' dir='ltr'><strong>simul</strong></span> <span class='ocrx_word' id='word_1_300' title='bbox 947 2610 1116 2684; x_wconf 85' lang='lat' dir='ltr'><strong>absolvant,</strong></span> 
     </span>
     <span class='ocr_line' id='line_1_30' title="bbox 112 2692 1117 2773; baseline -0.005 -14"><span class='ocrx_word' id='word_1_301' title='bbox 112 2726 128 2755; x_wconf 77' lang='grc'><strong>6</strong></span> <span class='ocrx_word' id='word_1_302' title='bbox 153 2698 180 2759; x_wconf 86' lang='grc'><strong>16</strong></span> <span class='ocrx_word' id='word_1_303' title='bbox 199 2695 316 2758; x_wconf 82' lang='grc'><strong>1661166</strong></span> <span class='ocrx_word' id='word_1_304' title='bbox 334 2704 500 2768; x_wconf 83' lang='lat' dir='ltr'><strong>consecrat,</strong></span> <span class='ocrx_word' id='word_1_305' title='bbox 515 2696 561 2756; x_wconf 84' lang='lat' dir='ltr'><strong>vel</strong></span> <span class='ocrx_word' id='word_1_306' title='bbox 580 2696 707 2773; x_wconf 84' lang='lat' dir='ltr'><strong>baptizat</strong></span> <span class='ocrx_word' id='word_1_307' title='bbox 720 2740 728 2768; x_wconf 91' lang='lat'><strong>‚</strong></span> <span class='ocrx_word' id='word_1_308' title='bbox 739 2695 789 2773; x_wconf 93' lang='lat' dir='ltr'><strong>qui</strong></span> <span class='ocrx_word' id='word_1_309' title='bbox 801 2692 882 2772; x_wconf 86' lang='lat' dir='ltr'><strong>prids</strong></span> <span class='ocrx_word' id='word_1_310' title='bbox 893 2693 1026 2754; x_wconf 88' lang='lat' dir='ltr'><strong>absolvit.</strong></span> <span class='ocrx_word' id='word_1_311' title='bbox 1046 2694 1117 2756; x_wconf 83' lang='lat' dir='ltr'><strong>Vide</strong></span> 
     </span>
     <span class='ocr_line' id='line_1_31' title="bbox 112 2778 1182 2860; baseline -0.005 -16"><span class='ocrx_word' id='word_1_312' title='bbox 112 2812 126 2839; x_wconf 76' lang='lat' dir='ltr'><strong>o</strong></span> <span class='ocrx_word' id='word_1_313' title='bbox 153 2779 224 2845; x_wconf 72' lang='lat' dir='ltr'><strong>rid.</strong></span> <span class='ocrx_word' id='word_1_314' title='bbox 239 2789 262 2843; x_wconf 94' lang='lat' dir='ltr'><strong>t.</strong></span> <span class='ocrx_word' id='word_1_315' title='bbox 275 2785 305 2843; x_wconf 89' lang='grc'><strong>2.</strong></span> <span class='ocrx_word' id='word_1_316' title='bbox 320 2800 344 2843; x_wconf 86' lang='grc'><strong>6.</strong></span> <span class='ocrx_word' id='word_1_317' title='bbox 359 2783 389 2841; x_wconf 75' lang='lat' dir='ltr'><strong>l.</strong></span> <span class='ocrx_word' id='word_1_318' title='bbox 404 2800 435 2842; x_wconf 84' lang='grc'><strong>61.</strong></span> <span class='ocrx_word' id='word_1_319' title='bbox 450 2785 497 2843; x_wconf 86' lang='grc'><strong>72.</strong></span> <span class='ocrx_word' id='word_1_320' title='bbox 508 2786 622 2843; x_wconf 85' lang='lat' dir='ltr'><strong>etBoo.</strong></span> <span class='ocrx_word' id='word_1_321' title='bbox 634 2778 656 2841; x_wconf 87' lang='grc'><strong>1.</strong></span> <span class='ocrx_word' id='word_1_322' title='bbox 668 2795 693 2842; x_wconf 84' lang='grc'><strong>6.</strong></span> <span class='ocrx_word' id='word_1_323' title='bbox 707 2800 740 2842; x_wconf 83' lang='lat' dir='ltr'><strong>a.</strong></span> <span class='ocrx_word' id='word_1_324' title='bbox 755 2784 803 2843; x_wconf 87' lang='grc'><strong>25.</strong></span> <span class='ocrx_word' id='word_1_325' title='bbox 817 2782 922 2860; x_wconf 76' lang='lat' dir='ltr'><strong>Lapat.</strong></span> <span class='ocrx_word' id='word_1_326' title='bbox 939 2798 963 2841; x_wconf 87' lang='lat' dir='ltr'><strong>a.</strong></span> <span class='ocrx_word' id='word_1_327' title='bbox 979 2783 1008 2840; x_wconf 88' lang='lat'><strong>7.</strong></span> <span class='ocrx_word' id='word_1_328' title='bbox 1023 2805 1037 2832; x_wconf 81' lang='grc'><strong>6</strong></span> <span class='ocrx_word' id='word_1_329' title='bbox 1055 2780 1115 2859; x_wconf 72' lang='lat' dir='ltr'><strong>(Ita</strong></span> <span class='ocrx_word' id='word_1_330' title='bbox 1179 2848 1182 2855; x_wconf 42' lang='lat'>‚</span> 
     </span>
     <span class='ocr_line' id='line_1_32' title="bbox 110 2861 1122 2928; baseline -0.008 0"><span class='ocrx_word' id='word_1_331' title='bbox 110 2869 145 2928; x_wconf 87' lang='lat' dir='ltr'><strong>S.</strong></span> <span class='ocrx_word' id='word_1_332' title='bbox 164 2862 220 2928; x_wconf 84' lang='lat' dir='ltr'><strong>Tb.</strong></span> <span class='ocrx_word' id='word_1_333' title='bbox 238 2861 260 2926; x_wconf 88' lang='grc'><strong>1.</strong></span> <span class='ocrx_word' id='word_1_334' title='bbox 274 2882 299 2926; x_wconf 83' lang='grc'><strong>6.</strong></span> <span class='ocrx_word' id='word_1_335' title='bbox 314 2862 354 2925; x_wconf 86' lang='lat' dir='ltr'><strong>od</strong></span> <span class='ocrx_word' id='word_1_336' title='bbox 370 2866 400 2924; x_wconf 86' lang='grc'><strong>5.</strong></span> <span class='ocrx_word' id='word_1_337' title='bbox 415 2866 445 2926; x_wconf 87' lang='lat' dir='ltr'><strong>S.</strong></span> <span class='ocrx_word' id='word_1_338' title='bbox 460 2868 575 2926; x_wconf 85' lang='lat' dir='ltr'><strong>Bouoa.</strong></span> <span class='ocrx_word' id='word_1_339' title='bbox 596 2883 662 2926; x_wconf 82' lang='lat' dir='ltr'><strong>caru</strong></span> <span class='ocrx_word' id='word_1_340' title='bbox 682 2863 775 2927; x_wconf 76' lang='lat' dir='ltr'><strong>Solae.</strong></span> <span class='ocrx_word' id='word_1_341' title='bbox 795 2863 866 2927; x_wconf 83' lang='lat' dir='ltr'><strong>ibid.</strong></span> <span class='ocrx_word' id='word_1_342' title='bbox 879 2881 911 2925; x_wconf 84' lang='lat' dir='ltr'><strong>o.</strong></span> <span class='ocrx_word' id='word_1_343' title='bbox 926 2866 975 2926; x_wconf 89' lang='grc'><strong>28.</strong></span> <span class='ocrx_word' id='word_1_344' title='bbox 989 2879 1122 2924; x_wconf 66' lang='lat' dir='ltr'><strong>comato·</strong></span> 
     </span>
     <span class='ocr_line' id='line_1_33' title="bbox 111 2947 580 3030; baseline -0.004 -21"><span class='ocrx_word' id='word_1_345' title='bbox 111 2951 193 3011; x_wconf 80' lang='grc'><strong>661166</strong></span> <span class='ocrx_word' id='word_1_346' title='bbox 202 2955 304 3010; x_wconf 82' lang='lat' dir='ltr'><strong>contro</strong></span> <span class='ocrx_word' id='word_1_347' title='bbox 319 2947 384 3030; x_wconf 83' lang='lat' dir='ltr'><strong>Coj.</strong></span> <span class='ocrx_word' id='word_1_348' title='bbox 398 2955 425 3008; x_wconf 87' lang='lat' dir='ltr'><strong>et</strong></span> <span class='ocrx_word' id='word_1_349' title='bbox 435 2947 580 3026; x_wconf 72' lang='lat' dir='ltr'><strong>Mersit).</strong></span> 
     </span>
    </p>
   </div>
   <div class='ocr_carea' id='block_1_3' title="bbox 445 3097 722 3183">
    <p class='ocr_par' dir='ltr' id='par_1_4' title="bbox 445 3097 722 3183">
     <span class='ocr_line' id='line_1_34' title="bbox 445 3097 722 3183; baseline 0.004 -26"><span class='ocrx_word' id='word_1_350' title='bbox 445 3178 448 3183; x_wconf 8' lang='grc' dir='ltr'><strong><em>ἢ</em></strong></span> <span class='ocrx_word' id='word_1_351' title='bbox 505 3097 650 3158; x_wconf 80' lang='lat' dir='ltr'><strong>austun</strong></span> <span class='ocrx_word' id='word_1_352' title='bbox 670 3099 722 3158; x_wconf 84' lang='grc'><strong>66.</strong></span> 
     </span>
    </p>
   </div>
   <div class='ocr_carea' id='block_1_4' title="bbox 321 3211 952 3336">
    <p class='ocr_par' dir='ltr' id='par_1_5' title="bbox 321 3211 952 3336">
     <span class='ocr_line' id='line_1_35' title="bbox 321 3211 952 3336; baseline -0.014 -22"><span class='ocrx_word' id='word_1_353' title='bbox 321 3232 412 3335; x_wconf 84' lang='lat' dir='ltr'><strong>Quis</strong></span> <span class='ocrx_word' id='word_1_354' title='bbox 431 3235 477 3312; x_wconf 88' lang='grc'><strong>611</strong></span> <span class='ocrx_word' id='word_1_355' title='bbox 499 3211 702 3336; x_wconf 86' lang='lat' dir='ltr'><strong>subjeetum</strong></span> <span class='ocrx_word' id='word_1_356' title='bbox 722 3229 917 3332; x_wconf 79' lang='lat' dir='ltr'><strong>baptismii</strong></span> <span class='ocrx_word' id='word_1_357' title='bbox 949 3332 952 3335; x_wconf 13' lang='grc'>1</span> 
     </span>
    </p>
   </div>
   <div class='ocr_carea' id='block_1_5' title="bbox 79 3410 1113 3704">
    <p class='ocr_par' dir='ltr' id='par_1_6' title="bbox 112 3410 1024 3487">
     <span class='ocr_line' id='line_1_36' title="bbox 112 3410 1024 3487; baseline -0.01 -14"><span class='ocrx_word' id='word_1_358' title='bbox 112 3421 159 3473; x_wconf 80' lang='lat' dir='ltr'><strong>tet</strong></span> <span class='ocrx_word' id='word_1_359' title='bbox 181 3419 249 3484; x_wconf 81' lang='lat' dir='ltr'><strong>Quis</strong></span> <span class='ocrx_word' id='word_1_360' title='bbox 259 3419 297 3473; x_wconf 79' lang='lat' dir='ltr'><strong>ait</strong></span> <span class='ocrx_word' id='word_1_361' title='bbox 307 3432 401 3487; x_wconf 79' lang='lat' dir='ltr'><strong>eopoa</strong></span> <span class='ocrx_word' id='word_1_362' title='bbox 413 3415 541 3484; x_wconf 81' lang='lat' dir='ltr'><strong>baptismi</strong></span> <span class='ocrx_word' id='word_1_363' title='bbox 546 3415 562 3468; x_wconf 81' lang='lat' dir='ltr'><strong>i</strong></span> <span class='ocrx_word' id='word_1_364' title='bbox 573 3417 616 3467; x_wconf 81' lang='lat' dir='ltr'><strong>Aa</strong></span> <span class='ocrx_word' id='word_1_365' title='bbox 629 3410 724 3482; x_wconf 84' lang='lat' dir='ltr'><strong>paeri,</strong></span> <span class='ocrx_word' id='word_1_366' title='bbox 738 3417 763 3465; x_wconf 90' lang='lat' dir='ltr'><strong>et</strong></span> <span class='ocrx_word' id='word_1_367' title='bbox 779 3412 917 3465; x_wconf 79' lang='lat' dir='ltr'><strong>amentes?</strong></span> <span class='ocrx_word' id='word_1_368' title='bbox 1022 3466 1024 3468; x_wconf 70' lang='grc'><strong>,</strong></span> 
     </span>
    </p>

    <p class='ocr_par' dir='ltr' id='par_1_7' title="bbox 79 3484 1113 3632">
     <span class='ocr_line' id='line_1_37' title="bbox 79 3484 1113 3559; baseline -0.006 -12"><span class='ocrx_word' id='word_1_369' title='bbox 79 3516 89 3531; x_wconf 52' lang='lat'>⁸</span> <span class='ocrx_word' id='word_1_370' title='bbox 111 3495 163 3557; x_wconf 75' lang='lat' dir='ltr'><strong>tae</strong></span> <span class='ocrx_word' id='word_1_371' title='bbox 178 3491 317 3559; x_wconf 81' lang='lat' dir='ltr'><strong>Depaoie</strong></span> <span class='ocrx_word' id='word_1_372' title='bbox 334 3489 576 3556; x_wconf 74' lang='lat' dir='ltr'><strong>rebaptizantium.</strong></span> <span class='ocrx_word' id='word_1_373' title='bbox 598 3492 643 3538; x_wconf 85' lang='lat' dir='ltr'><strong>Aa</strong></span> <span class='ocrx_word' id='word_1_374' title='bbox 665 3485 868 3554; x_wconf 77' lang='lat' dir='ltr'><strong>rebaptizantes</strong></span> <span class='ocrx_word' id='word_1_375' title='bbox 888 3484 938 3540; x_wconf 80' lang='lat' dir='ltr'><strong>aab</strong></span> <span class='ocrx_word' id='word_1_376' title='bbox 957 3484 1113 3543; x_wconf 75' lang='lat' dir='ltr'><strong>conditione</strong></span> 
     </span>
     <span class='ocr_line' id='line_1_38' title="bbox 209 3560 483 3632; baseline -0.011 -16"><span class='ocrx_word' id='word_1_377' title='bbox 209 3560 483 3632; x_wconf 75' lang='lat' dir='ltr'><strong>tiantirrequlures?</strong></span> 
     </span>
    </p>

    <p class='ocr_par' dir='ltr' id='par_1_8' title="bbox 111 3631 955 3704">
     <span class='ocr_line' id='line_1_39' title="bbox 111 3631 955 3704; baseline -0.012 -17"><span class='ocrx_word' id='word_1_378' title='bbox 111 3636 161 3689; x_wconf 71' lang='grc'><strong>115</strong></span> <span class='ocrx_word' id='word_1_379' title='bbox 178 3637 217 3689; x_wconf 80' lang='lat' dir='ltr'><strong>De</strong></span> <span class='ocrx_word' id='word_1_380' title='bbox 229 3634 337 3704; x_wconf 72' lang='lat' dir='ltr'><strong>insonte</strong></span> <span class='ocrx_word' id='word_1_381' title='bbox 347 3632 471 3686; x_wconf 80' lang='lat' dir='ltr'><strong>noudum</strong></span> <span class='ocrx_word' id='word_1_382' title='bbox 486 3634 564 3686; x_wconf 79' lang='lat' dir='ltr'><strong>nato.</strong></span> <span class='ocrx_word' id='word_1_383' title='bbox 577 3631 861 3693; x_wconf 76' lang='grc'><strong>6661661666116.1117.</strong></span> <span class='ocrx_word' id='word_1_384' title='bbox 951 3672 955 3677; x_wconf 85' lang='lat'><strong>.</strong></span> 
     </span>
    </p>
   </div>
   <div class='ocr_carea' id='block_1_6' title="bbox 0 0 1310 4186">
    <p class='ocr_par' dir='ltr' id='par_1_9' title="bbox 0 0 1310 4186">
     <span class='ocr_line' id='line_1_40' title="bbox 0 0 1310 4186; baseline 0 4"><span class='ocrx_word' id='word_1_385' title='bbox 0 0 1310 4186; x_wconf 95' lang='lat' dir='ltr'><strong> </strong></span> 
     </span>
    </p>
   </div>
  </div>
 </body>
</html>
