2602 4198
177 216 235 282 ms
391 184 457 280 t'tt.
473 216 503 278 b.
525 216 621 278 Troct.
638 217 669 278 2.
683 215 729 289 Dc
739 210 969 294 continuatione.

180 319 257 383 ttinc
276 310 422 387 infertur,
436 312 515 395 quad
531 313 683 397 Errpenins
694 330 754 375 non
767 311 863 375 solum
879 312 985 387 inruit,
998 310 1048 375 sed
1061 314 1184 377 omnini

179 400 305 467 exclusit
318 416 438 461 omnem
452 400 540 461 aliam
554 399 680 461 sormam
698 405 807 479 praeter
825 395 919 474 hanc;
930 397 1015 458 aliter
1027 416 1088 460 non
1104 397 1184 460 recti

178 484 248 563 quia
269 500 331 545 non
351 482 466 561 integri
486 480 642 547 Ecclesiam
655 479 813 551 decuisset.
830 482 865 545 In
882 477 937 541 hae
952 491 1051 544 antem
1066 485 1181 559 farma,

177 576 213 631 ut
234 565 320 628 docet
340 566 372 629 S.
398 564 542 636 Ticinus,
559 563 708 645 adequati
724 564 824 625 omnin
847 562 1046 643 explicantur,
1066 573 1183 648 quaein

178 650 235 719 boc
247 658 429 712 sacramento
444 649 652 720 continentur,
673 662 779 726 nempe
791 647 909 728 sipnnm
927 648 1180 729 miiitiaechristi,

178 736 226 800 cui
253 732 461 795 adscribuntur
479 730 646 794 confirmati
670 748 726 810 pet·
746 731 796 794 ilia
811 730 922 809 uerba,
935 734 1028 815 nipno
1051 743 1084 797 te.
1096 736 1181 822 sipno

177 817 297 885 anon:
319 815 435 896 effectus
451 815 623 879 narmensi
642 856 651 887 ‚
674 814 705 875 id
725 824 770 875 est
788 816 880 893 guntin
897 815 1039 881 roborans
1055 839 1111 903 per
1130 822 1182 887 iila

177 901 287 975 rerba,
301 897 449 981 continno
460 907 487 960 te
494 897 650 963 chrismate
662 894 769 960 solutis
780 905 831 961 :et
845 917 935 964 conso
944 903 1061 980 gratiae,
1074 923 1182 987 nempe

178 989 230 1049 SS.
245 986 374 1049 Trinitas
395 1001 450 1064 per
468 982 516 1043 itis
533 981 640 1054 rerba,
662 984 702 1044 In
719 982 836 1045 nornine
857 982 978 1055 Paron,
993 994 1023 1047 et
1042 985 1132 1065 Fiiii,
1152 998 1182 1053 et

173 1068 309 1153 Spiritus
331 1066 437 1131 sancti.
460 1065 579 1127 Accedit
603 1066 759 1129 auctoritas
777 1063 951 1126 catechismi
973 1069 1179 1153 Romani,qui

174 1149 323 1216 instruens
335 1150 373 1212 de
391 1149 447 1211 boc
456 1157 636 1211 sacramento
648 1146 676 1229 S.
688 1150 736 1211 12.
750 1146 833 1220 dicit,
848 1150 935 1211 Hanc
949 1167 1007 1213 esse
1021 1151 1181 1235 perfectam

173 1242 203 1299 ct
211 1233 377 1298 absolutam
389 1231 479 1314 bojon
488 1232 666 1294 sacramenti
675 1228 815 1315 fornoum.
828 1228 974 1378 Additppe
986 1234 1065 1314 qubd
1079 1246 1184 1299 ancto-

174 1319 253 1382 ritos
271 1314 408 1380 Eaciesioe
421 1312 569 1378 ratboiicoe
588 1334 649 1378 non
660 1315 778 1396 potitur
793 1331 848 1379 nos
867 1332 902 1376 ea
962 1333 994 1377 re
1015 1317 1181 1401 quidquam

173 1401 320 1468 dubitare.
336 1399 455 1466 tcoeun
470 1410 500 1461 et
523 1400 679 1464 concilium
702 1400 881 1461 nttnricensc
895 1401 953 1473 ⁴snb
968 1418 1046 1462 anno
1061 1402 1129 1467 tm.
1148 1414 1181 1467 et

174 1502 252 1548 nnno
268 1485 403 1565 sequenti
422 1483 617 1564 approbatum
641 1478 689 1543 nt,
707 1483 758 1543 20.
783 1481 819 1544 cie
838 1480 970 1565 confirm.
996 1503 1064 1546 ron.
1092 1489 1122 1547 5.
1144 1506 1179 1548 ac

172 1568 295 1633 demum
309 1567 326 1629 b
340 1569 425 1631 Siata
447 1569 483 1629 V.
507 1566 684 1647 probatum
704 1564 747 1629 ibi
769 1564 882 1651 dictum
900 1568 982 1629 tuit:
1004 1565 1128 1635 Nullam
1143 1572 1179 1633 in
1248 1598 1259 1616 ν

172 1650 430 1713 administratione
454 1648 545 1731 bnjns
564 1647 744 1711 sacramenti
755 1646 887 1730 [oronam
906 1647 1048 1728 debitam,
1070 1662 1099 1712 et
1116 1657 1180 1737 qna

172 1734 222 1799 nti
245 1733 396 1799 mnsneoit
415 1729 563 1808 Basienis,
587 1748 661 1807 esse,
677 1736 791 1817 quim:
813 1728 903 1795 Cons'
920 1750 957 1795 no
978 1741 1005 1795 te
1023 1734 1182 1807 cbrinnatc

171 1816 290 1885 saisitis.
315 1818 366 1879 iiis
389 1818 548 1883 mamantis
570 1815 876 1881 tantumtantum
924 1835 956 1878 ca
978 1820 1071 1900 snpra
1089 1818 1181 1882 citato

119 1916 122 1921 ‘
170 1903 292 1977 scribit,
305 1900 322 1965 it
336 1910 435 1967 nostra
454 1901 597 1964 sententis
614 1911 716 1982 utpote
727 1902 876 1963 communi
889 1919 950 1963 non
965 1919 1027 1964 esso
1038 1905 1178 1977 receden-

172 1988 267 2060 dum,
286 2002 394 2065 nempe
416 1986 543 2049 sormam
558 1984 738 2066 adaequatam
758 2002 820 2045 esse
834 1984 965 2049 tantum
997 1987 1087 2051 verba
1106 1980 1180 2066 uuae

173 2070 342 2135 unctionem
356 2068 547 2131 comitantur.
930 2137 933 2143 ¹

210 2152 363 2231 objiciunt
382 2151 541 2214 sdversnrii
565 2151 638 2213 illud
662 2150 811 2232 (Actorum
834 2148 904 2229 8.).·
929 2150 1108 2221 Oroneruntn
1120 2174 1180 2243 pra

172 2236 265 2319 ipsit,
287 2243 324 2298 ut
344 2236 504 2317 acciperent
530 2234 676 2316 Spiritum
697 2242 882 2295 sancctum...
901 2240 970 2297 tune
987 2232 1183 2319 imponebant

171 2335 282 2383 manus
304 2332 394 2400 snper
413 2312 498 2388 titos,
518 2325 546 2378 et
562 2314 740 2398 accipiebant
762 2316 908 2399 Spiritum
926 2325 1072 2379 sonetum.
1092 2318 1181 2381 Undc

172 2403 295 2475 dicum,
314 2401 339 2462 si
362 2400 456 2463 oratio
475 2409 539 2463 erut
555 2402 668 2473 torma,
685 2418 774 2477 quam
789 2400 913 2481 apostati
931 2398 1130 2472 adhibebant,
1145 2412 1181 2467 et

172 2503 252 2547 nunc
270 2485 302 2547 in
318 2484 456 2549 unctione
468 2482 633 2547 chrismatis
646 2484 726 2544 nulls
744 2481 869 2543 habetur
879 2483 989 2555 amnia,
999 2481 1071 2563 ergb
1081 2484 1179 2551 forms

170 2569 274 2635 saltem
294 2566 426 2649 partialis
445 2573 489 2627 est
506 2567 620 2635 oratio.
634 2585 699 2644 qum
722 2567 753 2626 in
772 2565 917 2645 principio
931 2562 1040 2647 dicitur
1056 2567 1094 2629 ab
1106 2570 1179 2648 tipi-

170 2667 278 2730 scapo,
296 2649 370 2709 dnm
389 2667 496 2713 manus
520 2651 625 2710 elevat.
647 2646 812 2792 Respondet
833 2644 1034 2712 Beiiarminus
1055 2649 1091 2711 dc
1107 2668 1181 2717 oon-⁴

168 2731 250 2815 firm.
259 2749 284 2792 c.
298 2728 448 2811 ioobject.
458 2733 485 2792 i.
497 2731 703 2811 qubduequen
717 2734 1179 2801 iorumssaramentornmtormac

171 2815 318 2879 habentur
333 2815 518 2892 expressmin
531 2815 704 2893 Scriptunis,
715 2834 858 2899 nusquam
869 2812 949 2875 enim
959 2813 1178 2896 (nitismiptum

171 2907 234 2971 cst,
249 2898 282 2958 in
297 2895 441 2979 baptisma
458 2895 615 2957 dicandum
632 2915 708 2970 esse,
721 2899 786 2979 Epo
805 2905 831 2957 te
847 2896 982 2979 baptizor
994 2902 1179 2985 quaprapter·

171 2979 289 3059 inquit,
304 2977 384 3057 qabd
397 2977 522 3039 verbnm
536 2978 591 3039 Dei
608 2980 749 3046 traditum
762 2981 830 3041 satis
846 2987 969 3047 testatur
982 2997 1097 3043 morem
1110 2981 1178 3047 nni·

170 3078 261 3133 remae
272 3061 421 3125 Ecclesia.
435 3061 516 3122 idem
532 3063 621 3125 sentit
633 3065 664 3124 S.
685 3060 811 3131 Tbanms
823 3058 887 3204 piac.
903 3064 953 3125 cit.
969 3071 1029 3125 ort.
1039 3064 1068 3124 b.
1079 3060 1121 3133 aot
1133 3063 1180 3143 i.)

170 3145 298 3206 dicens:
322 3141 424 3207 Muito
446 3145 524 3213 enim
546 3145 701 3211 sera-abant
724 3147 852 3229 apostoi
869 3145 904 3206 in
924 3153 1180 3210 sacramentorum

171 3225 340 3299 collatione,
351 3244 418 3306 qaroe
432 3226 465 3286 in
478 3224 638 3310 Scriptnris
654 3231 845 3306 rontnnnniter
860 3226 1017 3313 propositis
1030 3247 1092 3291 nan
1104 3237 1184 3290 sunt

171 3311 293 3373 tradita.
312 3311 392 3373 Unde
408 3311 571 3391 Dionysius
584 3312 663 3395 (rap.
687 3316 717 3374 7.
733 3310 796 3375 ecci.
814 3311 911 3397 Hier.)
928 3311 1023 3377 dicit.-
1039 3315 1185 3375 Consum-

168 3394 296 3453 mativas
311 3393 506 3459 invocationes
527 3393 570 3472 (iri
582 3405 626 3456 est
641 3395 728 3457 verbo
740 3394 846 3476 quibus
861 3394 1059 3481 perficiuntur
1075 3415 1185 3459 sacra-

169 3474 278 3550 mento)
301 3483 424 3537 nonest
439 3477 558 3558 justum
580 3478 749 3560 Scripturas
776 3477 1059 3559 interpretantibus,
1081 3497 1184 3560 neque

84 3610 88 3616 ,
169 3553 324 3628 mysticum
342 3574 462 3631 manna,
484 3566 538 3618 ont
556 3559 589 3619 in
608 3559 680 3643 ipsis
703 3568 838 3642 opmatm
860 3577 896 3620 en
914 3562 1119 3629 neormam
1137 3580 1183 3622 en:
