2610 4186
352 275 656 358 Cnp.l.Dentcteria
670 274 950 358 baptisati.l)nb.l.
1106 280 1163 341 525

160 397 224 459 qum
240 394 301 438 nou
315 375 443 453 requirit
467 375 648 435 nativitatem
665 394 702 436 ex
723 384 809 437 utero
820 418 830 449 ‚
843 374 911 437 edm
929 395 990 437 non
1004 374 1065 437 baec
1083 378 1164 441 dica·

161 473 208 525 tur
224 459 389 540 generatio,
404 457 456 518 sed
480 458 596 519 tantum
614 459 665 519 illa
682 461 818 520 nativitas
835 479 900 538 quae
914 461 949 520 lit
962 462 992 519 in
1010 471 1117 537 utero,
1133 473 1163 525 ct

159 547 215 626 pua
233 544 325 605 bomo
348 541 383 603 lit
401 543 480 602 tilius
498 543 603 603 adam.
625 544 721 621 Atque
754 544 873 605 tandem
891 547 932 605 D.
961 543 1016 606 ΤΙι.
1036 547 1068 608 ia
1088 545 1163 608 banc

156 629 333 691 sententiam
359 624 438 687 clare
459 626 640 687 descendisse
664 627 783 688 videtur
803 628 835 689 in
854 626 917 689 eod.
945 637 1005 689 ert.
1029 631 1091 700 ll„
1111 632 1162 691 ubi

156 721 311 794 postquam
335 711 453 788 negavit
476 729 559 788 posse
583 729 707 790 puerum
725 712 866 790 baptizari
889 713 921 772 in
936 721 1020 773 utero
1036 716 1162 786 matria,

156 797 273 858 ratione
299 795 426 863 ductae,
447 794 516 873 quia
541 803 576 854 nt
596 797 636 856 ait
656 817 664 853 a
687 797 835 874 Corpus...
857 793 986 875 infantis
1005 806 1163 878 antequem

157 888 299 942 noscetur
333 897 370 939 ex
387 885 485 945 utero,
507 896 568 939 non
595 876 808 960 potestatique
834 878 920 940 rnodo
942 876 1026 941 ablui
1054 888 1161 963 (ημᾶς

155 963 255 1026 statim
276 961 359 1023 addit
379 982 388 1019 a
412 959 483 1021 Nisi
501 958 577 1040 forte
599 961 716 1023 dicator
728 961 808 1042 qndd
826 961 937 1024 oblntio
954 963 1160 1045 baptismalis,

156 1050 218 1129 qud
236 1063 341 1127 eorpus
365 1042 472 1104 neutris
496 1041 631 1122 lavator,
656 1043 697 1105 nd
711 1043 811 1126 filium
825 1047 859 1107 in
873 1054 971 1106 ventre
994 1047 1162 1113 existentem

153 1129 321 1214 perteniat,
346 1125 396 1188 sed
420 1125 473 1187 boc
490 1144 549 1190 esse
569 1146 631 1191 non
653 1137 758 1209 potest.
785 1129 862 1208 Ergd
878 1132 912 1189 S.
940 1132 1068 1202 Doct0r‚
1087 1137 1160 1197 sicut

155 1215 245 1276 ctiam
260 1212 292 1274 S.
305 1208 507 1292 depastione,
530 1211 562 1270 S.
582 1209 737 1285 Isidorus,
757 1221 788 1274 et
806 1214 921 1273 Rituale
934 1231 1011 1273 rom.
1029 1219 1161 1294 negando

155 1313 283 1377 puerum
301 1310 386 1375 posse
401 1292 542 1371 baptizari
554 1294 585 1353 in
599 1303 683 1355 utero
701 1297 822 1367 matris,
839 1296 1007 1374 intelligunt
1021 1299 1057 1358 de
1070 1320 1161 1379 puero

156 1384 188 1443 in
206 1388 291 1441 utero
307 1375 428 1439 omnino
446 1377 560 1448 clauso,
583 1396 672 1454 quem
690 1379 786 1440 valide
801 1381 941 1458 baptizari
959 1398 1012 1458 per
1035 1385 1162 1447 ablutio-

156 1482 225 1531 nem
253 1462 386 1543 corporis
414 1462 516 1522 matris
543 1459 688 1537 Julianus
712 1465 815 1525 etalii
850 1463 979 1526 heretici
1007 1469 1160 1547 perperim

154 1545 389 1623 contendebant,
410 1553 511 1605 contra
525 1563 598 1623 quos
615 1548 730 1627 scripsit
746 1547 948 1628 deputantem
964 1567 1023 1611 non
1042 1554 1111 1616 verb
1124 1556 1161 1619 de

154 1647 249 1712 pnero
261 1629 312 1708 qui
331 1646 385 1709 per
408 1628 528 1706 aliquod
548 1630 778 1692 instrumentum
799 1639 894 1715 potest
911 1634 985 1712 tingi
998 1636 1072 1714 aquai
1084 1660 1093 1712 3
1105 1637 1161 1715 hoc¹

154 1717 235 1778 enim
257 1730 345 1784 casu,
368 1719 403 1772 nt
426 1713 468 1772 ait
490 1710 574 1775 Cant,
604 1716 715 1775 Tonrn.
746 1713 803 1777 loe·
819 1715 869 1776 eit.
895 1719 1041 1795 explicans
1062 1724 1160 1798 ¹verba

154 1795 339 1878 depretiat,
365 1813 419 1873 per
432 1866 434 1874 p
449 1796 526 1855 uteri
551 1799 746 1875 aperitionem
765 1800 868 1859 saltem
894 1801 1040 1865 inchoate,
1051 1794 1159 1867 dicitur

155 1891 242 1944 natus
254 1903 263 1957 3
276 1889 306 1941 et
317 1877 384 1939 ideb
401 1881 444 1939 D.
469 1877 524 1939 rt.
538 1877 612 1938 dixit
624 1898 751 1958 puerum
770 1881 802 1940 ia
818 1891 902 1942 utero
926 1902 987 1944 non
1009 1905 1092 1963 posse
1107 1890 1159 1949 ba-

154 1965 276 2047 ptizari,
294 1963 351 2023 nisi
373 1962 485 2022 ablutio
512 1961 549 2022 ad
569 1962 716 2025 {illumin
735 1973 839 2025 ventre
861 1965 1034 2026 existentem
1056 1988 1160 2047 perve-

84 2114 88 2119 ,
153 2050 228 2110 niat.
259 2046 349 2109 addit
368 2046 488 2125 quidem
505 2042 583 2106 :Sed
607 2044 659 2106 boc
682 2065 741 2108 ease
756 2066 817 2109 non
833 2055 947 2128 potest‚·
971 2050 1159 2131 intelligendo

153 2132 258 2210 ntique
278 2131 316 2192 de
331 2130 480 2190 ablutione
504 2129 568 2190 siue
587 2131 750 2209 aperitione
771 2133 847 2192 uteri
872 2130 993 2209 :ergb‚
1015 2136 1039 2193 si
1064 2146 1160 2214 potest

153 2215 267 2276 ablutio
285 2214 460 2293 pervenire,
479 2222 513 2273 ut
535 2213 610 2274 bend
628 2215 725 2359 arpuit
741 2218 774 2278 S.
786 2217 824 2276 P.
840 2213 950 2274 Bened.
965 2217 1016 2276 XI
1020 2219 1069 2288 V.‚
1083 2221 1159 2281 bene

153 2306 251 2378 potest
271 2316 344 2377 puer
369 2296 521 2374 baptizari.
542 2300 577 2357 Et
595 2297 654 2376 qub
699 2300 811 2378 possit,
831 2300 873 2358 ait
898 2308 998 2358 noster
1023 2303 1157 2365 Pontifex

152 2401 222 2445 cnm
242 2376 382 2443 Comitolo
401 2390 532 2441 constare
544 2379 696 2457 exjndicio
716 2383 898 2443 medicorum
912 2389 941 2441 et
955 2383 1156 2449 obstetricum.

152 2465 219 2527 tmt
230 2463 316 2525 affert
343 2464 505 2523 doctrinam
521 2466 652 2545 Syvemn
668 2473 697 2524 et
715 2467 805 2546 Voap.
827 2469 880 2544 qul
895 2466 997 2526 dicunt
1017 2469 1158 2534 infantem

152 2549 320 2610 involutum
335 2548 367 2606 in
389 2547 547 2606 secundina
565 2545 662 2608 aalide
692 2549 848 2628 baptizari,
871 2550 938 2627 quin
953 2548 1016 2611 haec
1034 2551 1159 2617 habetur

106 2695 109 2701 ,
153 2635 236 2693 volut
255 2649 322 2711 pars
340 2626 459 2712 infantis
473 2629 563 2691 z‘citm
577 2632 639 2713 ipsa
654 2634 844 2711 continuetur
867 2652 932 2693 cum
952 2634 1071 2699 intentis
1092 2658 1159 2700 urn-

152 2717 242 2777 bilico
253 2736 260 2773 ε
272 2713 361 2792 idque
377 2714 528 2791 probabile
547 2723 666 2775 censent
676 2718 781 2796 Lepon.
795 2736 820 2778 c.
834 2719 864 2780 5.
886 2737 919 2778 n.
934 2720 963 2779 5.
982 2740 1019 2782 ex
1036 2721 1112 2804 Anp.
1130 2732 1158 2784 et

151 2799 237 2859 Arm.
249 2817 284 2858 oe
301 2796 395 2867 Dion.
409 2806 489 2879 part.
504 2801 532 2858 5.
556 2806 624 2860 torn.
639 2801 668 2860 5.
686 2819 713 2859 r.
726 2803 755 2860 l.
775 2819 841 2861 enne
858 2804 958 2882 Prmp.
977 2806 1028 2864 llis
1043 2808 1156 2883 positis,

152 2891 225 2962 puto
242 2882 272 2939 in
300 2898 368 2941 casu
393 2881 569 2950 necessitatis
587 2881 708 2944 omnino
735 2885 875 2945 infantem
898 2887 964 2965 (sub
991 2889 1156 2956 conditione

152 2963 264 3041 tamem
280 2962 488 3047 baptizandum
502 2983 564 3026 esee
579 2967 611 3025 in
627 2967 772 3047 praedietis
788 2970 913 3029 casibus.
1232 3026 1238 3035 .

192 3045 246 3108 llic
265 3055 364 3108 autem
389 3044 491 3108 sedulo
522 3049 815 3112 animadvertendum
844 3045 888 3112 est
921 3053 952 3111 id
971 3054 1050 3130 quod
1072 3052 1156 3114 docet

152 3128 193 3193 D.
213 3129 315 3192 Tlrorn.
335 3130 366 3191 d.
388 3150 418 3211 q.
440 3133 488 3191 68.
505 3140 564 3192 ort.
583 3135 630 3192 ll.
654 3132 693 3194 ad
709 3137 740 3198 d.
763 3134 862 3194 dicens
880 3156 888 3192 ε
908 3136 1099 3214 Expectando
1115 3130 1164 3217 cst¹

154 3212 254 3275 totalis
277 3213 400 3295 epreaat'o
419 3214 508 3294 pueri
535 3234 572 3276 en
596 3225 677 3279 utero
700 3216 741 3277 od
771 3215 949 3297 baptismum
961 3261 971 3295 ‚
994 3219 1056 3279 nisi
1078 3238 1156 3280 more

152 3295 327 3373 marniacum
343 3297 373 3358 ai
392 3304 490 3360 tuanen
508 3299 607 3379 prirnd
624 3299 885 3381 cepntepredt’ctnr
897 3299 978 3361 debet
989 3300 1155 3380 baptizari,

152 3378 281 3459 poberto
297 3378 490 3441 innnrinente:
506 3391 535 3442 et
545 3400 606 3444 non
618 3391 662 3446 eat
670 3392 770 3465 posteo
789 3381 1017 3464 rebaptizandus
1030 3427 1038 3456 ‚
1051 3384 1080 3446 ai
1089 3404 1165 3455 enm*

151 3462 277 3544 perfecte
297 3463 381 3524 nosci
399 3464 561 3547 ocntiperit.
585 3468 627 3526 Et
641 3465 756 3527 videtur
769 3465 845 3528 idem
866 3463 1056 3545 fecieredurn,
1077 3486 1156 3549 qun-

151 3563 275 3627 cmaquc
294 3543 357 3606 rolin
372 3566 444 3628 pure
461 3546 643 3630 egrediatur,
663 3547 792 3630 periculo
809 3540 999 3610 imminente(
1013 3550 1091 3625 Quin
1111 3560 1156 3612 tn·

153 3648 218 3692 aaran
235 3630 268 3692 in
291 3628 375 3691 rradlo
406 3632 579 3694 aeternornm
596 3634 732 3714 pertinen
754 3633 906 3716 intepretes
928 3636 996 3698 vitae
1020 3633 1064 3696 n‘tn
1086 3654 1154 3699 corr·
