2610 4186
182 167 240 231 278
336 167 401 234 td.
418 171 448 233 6.
466 167 562 233 nnc.
574 171 603 232 t.
614 171 658 234 De
672 168 862 235 sacrementis
873 170 906 232 in
915 188 1027 254 ycnere.

182 267 254 342 oio,
271 288 289 334 o
308 270 342 332 in
365 268 443 334 ultro
464 269 573 335 occulto
594 282 726 354 peneto,
748 292 777 335 se
806 292 868 334 non
887 273 936 335 dee
959 293 1012 356 per
1033 273 1183 343 l’ome‘cidio

182 350 361 434 uoluntario,
376 374 393 417 o
407 375 460 438 per
476 355 556 418 ultro
567 355 650 439 colpe
665 365 913 420 noessecontrntto
929 356 950 418 t’
962 359 1181 442 irreyotnritd...

181 436 238 498 Ma
258 436 339 500 beust
357 442 419 521 pud
437 439 584 503 dubitaret
602 459 656 523 per
675 451 757 504 conto
774 439 851 525 dello
873 440 950 523 teyye
971 443 1130 519 naturale,
1150 450 1181 510 r'u

181 522 344 603 quontocke
358 524 473 587 uscudo
485 543 539 607 per
554 522 631 609 teque
645 523 849 605 ecclesiastico,
867 545 885 588 o
921 525 948 588 d
965 536 1031 589 ooto
1044 530 1181 612 implicito

182 624 308 668 onumen
324 604 356 668 lo
368 609 573 670 eontineneud
592 610 670 671 socri
687 609 802 689 ordini,
824 608 845 671 t'
857 547 1022 674 ordinando
1043 624 1143 676 conuo
1160 608 1183 677 o

181 689 306 752 dettame
323 691 481 756 detinuere
495 693 648 777 prudenza
662 689 745 755 necole
763 714 909 757 assumere
921 717 964 757 un
979 715 1048 778 peso
1061 699 1111 759 eice
1123 717 1182 760 non

179 779 241 859 pud
257 785 431 860 portarem.
452 780 476 840 A
498 779 550 840 noe‘
564 777 705 861 parocho
726 779 832 841 stando
849 778 929 841 nella
948 779 1024 863 leqqe
1046 783 1181 845 naturate

180 858 261 934 eoin,
283 861 414 926 sideboo
432 862 487 944 qui
503 861 652 947 procedere
674 879 727 923 con
745 863 940 940 distinzione3
956 864 1132 946 imperoccdd
1153 885 1180 929 se

180 940 367 1009 l'ordinondo
395 946 481 1009 credo
499 947 723 1019 sinceromente‚
749 946 785 1009 ed
805 947 838 1008 in
858 946 955 1011 buccea
981 951 1129 1011 coscienza
1150 951 1183 1014 di

177 1038 262 1109 poter
278 1031 373 1093 vivere
390 1039 486 1108 coste,
504 1049 519 1091 e
537 1037 622 1113 poter
639 1028 764 1111 disseret
779 1030 829 1091 dn'
846 1030 921 1092 moli
938 1032 1027 1109 notet,
1046 1052 1061 1093 e
1081 1033 1115 1096 di
1132 1036 1182 1116 sor

180 1121 255 1177 tutto
273 1115 317 1179 eid
328 1115 378 1178 cde
387 1113 419 1176 ol
427 1114 559 1199 qiudizio
571 1133 643 1187 suo,
657 1134 672 1176 e
686 1113 733 1177 dd
747 1113 866 1177 discreto
879 1114 1038 1196 consessore
1054 1119 1084 1182 si
1094 1123 1182 1183 stimo

179 1200 341 1262 necessario
360 1199 395 1262 ed
414 1209 577 1283 opportuno
594 1218 647 1280 per
664 1196 694 1260 la
709 1199 929 1278 emendoze'one3
942 1201 1000 1284 eyle'
1009 1205 1038 1266 si
1047 1207 1109 1287 pud
1118 1227 1182 1289 pro

178 1301 312 1347 monuere
320 1331 330 1362 ‚
344 1282 558 1364 e'tconsescore
571 1303 631 1345 non
644 1280 731 1365 otiolo
745 1286 804 1365 pud
814 1285 963 1348 interdtre.
978 1289 1089 1350 Deinde
1102 1292 1183 1353 addit

179 1368 223 1447 (n.
236 1369 298 1448 66.)
314 1368 363 1431 Ed
379 1367 483 1431 inolere
493 1367 717 1450 quiunqiomo,
733 1367 781 1428 dee
790 1387 849 1429 nou
859 1369 976 1431 essendo
985 1375 1084 1453 qunti
1095 1373 1181 1454 (come

177 1455 383 1537 supponiomo)
405 1452 567 1535 indisposto
585 1471 638 1532 per
661 1449 689 1514 do
711 1461 892 1515 sacramento
911 1453 987 1516 delto
1003 1459 1179 1539 peninum,

177 1558 293 1622 neppur
311 1537 340 1600 si
360 1537 410 1599 dee
427 1535 508 1609 dire,
528 1534 735 1617 precisomente
758 1534 923 1618 portando,
944 1539 994 1599 cire
1019 1537 1114 1603 losio
1134 1541 1183 1624 pel

176 1631 358 1685 sacramento
371 1617 436 1683 dett
448 1619 548 1682 ordine
555 1666 564 1695 ,
575 1616 600 1680 e'd
611 1617 697 1703 quale
707 1639 761 1702 per
772 1621 906 1682 ricevecsr‘
923 1621 1111 1704 dnouemente
1122 1646 1181 1688 non

177 1706 300 1771 rtohe‘ede
314 1723 345 1771 se
363 1723 424 1767 non
446 1702 474 1766 lo
493 1712 570 1767 stato
584 1701 616 1765 di
632 1704 787 1785 yroniam
805 1723 858 1786 per
875 1715 1014 1767 sestesso
1029 1727 1090 1769 non
1111 1710 1182 1773 eud

176 1789 281 1854 oicuno
298 1792 444 1854 occasione
461 1787 495 1850 dr'
506 1797 637 1869 peccato,
655 1787 727 1849 onze‘
745 1787 785 1849 do
802 1785 856 1850 att’
866 1790 969 1851 animo
982 1810 1107 1854 nuoooe
1127 1794 1182 1857 dis·

127 1860 136 1871 x
177 1877 254 1939 tinto
267 1878 384 1960 nennio.
406 1874 545 1936 Subsddit
564 1882 664 1935 temen
683 1872 726 1952 (n.
741 1872 804 1952 67.)
819 1898 829 1933 .·
844 1875 979 1936 Diciemo
994 1875 1116 1939 chouno
1131 1878 1181 1940 che

175 1961 273 2045 ooylt'u
284 1960 484 2045 pronncoeerse'
495 1961 515 2018 d
526 1961 604 2021 socri
615 1957 714 2020 ordini
720 2004 729 2034 ,
741 1976 825 2019 enon
834 1957 918 2020 credo
927 1958 1052 2038 (siccem’
1065 1964 1081 2022 e
1093 1961 1180 2043 detto)

176 2050 381 2111 sinceromente
393 2044 427 2108 de'
483 2034 530 2104 ter'
542 2061 688 2106 ossernere
703 2044 736 2105 iu
756 2039 851 2123 quello
869 2051 946 2105 stato
964 2041 996 2104 lo
1007 2044 1113 2107 eostt‘td
1127 2066 1182 2129 per

176 2130 205 2195 lo
223 2130 296 2194 mee
310 2131 389 2194 obito
410 2062 486 2191 duilio
503 2124 646 2199 merevin,
665 2145 726 2188 non
741 2144 829 2208 possa
842 2129 1061 2208 promuoeersi5
1079 2129 1117 2191 ed
1133 2132 1181 2192 in·

175 2214 302 2280 euuredo
323 2214 356 2277 di
371 2210 468 2296 forto,
485 2209 530 2295 ott
547 2214 575 2274 si
588 2211 678 2274 debon
691 2229 768 2273 coerce
781 2209 821 2271 od
833 2209 957 2294 indeque
968 2211 1005 2274 ed
1020 2211 1181 2296 indisposto

175 2320 267 2383 neyar
279 2297 492 2361 l'oseotuzione.
504 2301 545 2356 lto
560 2297 696 2377 profatus
709 2294 829 2356 Auctor.

214 2386 272 2446 Alii
293 2382 364 2446 vero
381 2381 398 2443 ὸ
415 2399 555 2443 converso
582 2382 720 2441 videntur
740 2381 828 2441 nimis
849 2377 945 2459 rigide
964 2381 1055 2442 locuti
1072 2383 1179 2461 fuisse,

176 2488 245 2529 nom
253 2465 375 2529 Natalis
392 2464 558 2527 Ateeonder
572 2465 605 2526 in
621 2482 678 2527 suo
692 2460 789 2525 Tieeol.
804 2463 900 2543 doque.
911 2472 1024 2526 etmor.
1037 2474 1060 2527 t.
1073 2468 1103 2526 t.
1117 2463 1139 2528 t.
1148 2471 1179 2529 2.

175 2551 491 2616 desumerentur.
508 2552 555 2610 tt.
571 2568 631 2630 req.
650 2551 696 2615 19.
708 2547 785 2608 hene
798 2551 929 2628 regulum
947 2550 1069 2611 statuit:
1086 2554 1181 2616 menn

175 2635 216 2698 ad
223 2652 320 2698 sacros
329 2633 445 2696 ordines
455 2633 667 2730 promovendus
678 2632 756 2706 ‚nisi
762 2627 807 2693 nel
819 2632 1044 2712 quiiunocenter
1053 2634 1179 2714 uixerit,

174 2717 221 2781 vel
231 2716 357 2781 occultae
368 2716 477 2797 priores
488 2722 557 2777 m'toe
565 2715 697 2778 maculas
709 2716 854 2777 diutumrd
861 2716 1036 2797 punitentid
1046 2716 1180 2781 diluerit.

175 2804 258 2865 Idem
277 2809 358 2863 tenet
373 2800 522 2861 lueninus
534 2799 568 2859 tn
590 2808 628 2860 tr.
647 2800 682 2861 de
696 2818 778 2871 socr.
794 2800 865 2862 diss.
879 2802 909 2860 8.
926 2817 957 2879 q.
970 2803 1000 2861 7.
1013 2820 1038 2862 c.
1051 2804 1083 2862 2.
1096 2804 1181 2865 idom

173 2887 287 2952 Hubert
302 2884 336 2948 de
352 2902 428 2946 socr.
440 2883 505 2945 ord.
516 2902 549 2965 p.
563 2886 592 2945 5.
603 2902 629 2946 c.
642 2886 671 2945 5.
685 2887 735 2964 qui
750 2904 886 2964 magnam
899 2895 929 2946 et
945 2887 1063 2967 longam
1076 2906 1182 2949 curam

173 2972 320 3052 requirit,
344 2970 443 3032 dioens
466 2987 521 3030 nec
541 2989 635 3030 unum
655 2971 788 3030 sufficere
812 2990 924 3032 annum
946 2970 984 3030 ed
1006 2970 1182 3048 hujusmodi

174 3057 389 3137 probationem.
406 3053 489 3117 Idem
516 3057 694 3136 Van-Espeu
712 3063 734 3114 t.
752 3058 783 3115 4.
801 3073 834 3136 p.
851 3056 881 3115 2.
898 3074 923 3115 c.
944 3058 976 3117 2.
994 3054 1022 3134 S.
1038 3058 1067 3116 8.
1083 3058 1183 3118 Sentit

176 3145 259 3204 Cont.
276 3145 387 3205 Tourn.
398 3139 433 3202 de
449 3138 553 3202 tideo.
567 3158 655 3222 praee.
672 3148 731 3200 ort.
749 3142 797 3200 to.
815 3158 875 3220 reo.
895 3141 924 3202 5.
940 3159 970 3201 υ.
987 3139 1100 3216 Quoto,
1119 3145 1183 3202 cle·
1288 3176 1289 3211 ;

173 3229 269 3288 sicum
286 3226 472 3289 hebituetum
494 3226 678 3304 probandum
698 3227 799 3286 saltem
812 3245 865 3305 pes
881 3228 919 3287 20
933 3235 984 3286 eut
999 3228 1037 3286 ts
1052 3245 1198 3306 mensem
1288 3272 1289 3309 i

172 3311 207 3370 Id
228 3312 307 3372 eruit
327 3331 363 3373 ex
383 3313 423 3373 D.
441 3309 582 3391 Greoort’o
599 3307 621 3371 t.
636 3312 666 3369 lo.
680 3306 757 3391 olido
771 3313 800 3371 5.
817 3309 903 3390 epist.
916 3311 966 3370 26.
981 3309 1182 3384 odlnnuor„
1288 3330 1289 3333 ¹

173 3392 224 3450 ubi
241 3414 250 3450 ι
267 3395 313 3453 Ne
332 3412 467 3477 unquam
491 3392 516 3452 t'r'
537 3392 591 3474 qui
609 3393 741 3455 ordinati
762 3402 848 3468 soret,
866 3402 1009 3474 percont,
1028 3394 1187 3474 praesideri

173 3472 254 3534 debet
269 3475 371 3554 quoles
392 3476 586 3551 ordinentur,
602 3486 637 3537 ut
653 3476 739 3558 prins
761 3477 927 3559 aspicietur
947 3478 976 3539 si
992 3480 1055 3539 vito
1077 3496 1185 3539 eorum

173 3552 321 3615 continens
331 3558 364 3617 t'n
374 3561 462 3620 annis
470 3556 609 3638 plurimis
620 3557 691 3640 fnit.
699 3562 883 3644 Addueitquc
892 3559 996 3626 Notat.
1005 3558 1079 3623 etex
1086 3565 1181 3624 ndo.
