<?xml version="1.0" encoding="UTF-8"?>
<!DOCTYPE html PUBLIC "-//W3C//DTD XHTML 1.0 Transitional//EN"
    "http://www.w3.org/TR/xhtml1/DTD/xhtml1-transitional.dtd">
<html xmlns="http://www.w3.org/1999/xhtml" xml:lang="en" lang="en">
 <head>
  <title>
</title>
<meta http-equiv="Content-Type" content="text/html;charset=utf-8" />
  <meta name='ocr-system' content='tesseract 3.04.00' />
  <meta name='ocr-capabilities' content='ocr_page ocr_carea ocr_par ocr_line ocrx_word'/>
</head>
<body>
  <div class='ocr_page' id='page_1' title='image "./theologiamorali02heilgoog_0368.png"; bbox 0 0 2602 4198; ppageno 0'>
   <div class='ocr_carea' id='block_1_1' title="bbox 324 248 1131 334">
    <p class='ocr_par' dir='ltr' id='par_1_1' title="bbox 324 248 1131 334">
     <span class='ocr_line' id='line_1_1' title="bbox 324 248 1131 334; baseline 0.014 -21"><span class='ocrx_word' id='word_1_1' title='bbox 324 252 398 332; x_wconf 84' lang='lat' dir='ltr'><strong><em>Cap.</em></strong></span> <span class='ocrx_word' id='word_1_2' title='bbox 413 252 444 311; x_wconf 89' lang='grc'><strong><em>1.</em></strong></span> <span class='ocrx_word' id='word_1_3' title='bbox 454 251 500 312; x_wconf 85' lang='lat' dir='ltr'><strong><em>De</em></strong></span> <span class='ocrx_word' id='word_1_4' title='bbox 511 248 635 333; x_wconf 74' lang='lat' dir='ltr'><strong><em>subjecto</em></strong></span> <span class='ocrx_word' id='word_1_5' title='bbox 651 251 800 334; x_wconf 80' lang='lat' dir='ltr'><strong><em>baptismi.</em></strong></span> <span class='ocrx_word' id='word_1_6' title='bbox 813 253 893 317; x_wconf 83' lang='lat' dir='ltr'><strong><em>Dub.</em></strong></span> <span class='ocrx_word' id='word_1_7' title='bbox 906 258 935 316; x_wconf 92' lang='grc'><strong><em>1.</em></strong></span> <span class='ocrx_word' id='word_1_8' title='bbox 1073 261 1131 324; x_wconf 77' lang='grc'><strong><em>510</em></strong></span> 
     </span>
    </p>
   </div>
   <div class='ocr_carea' id='block_1_2' title="bbox 122 348 1132 604">
    <p class='ocr_par' dir='ltr' id='par_1_2' title="bbox 122 348 1132 604">
     <span class='ocr_line' id='line_1_2' title="bbox 124 348 1132 432; baseline 0.012 -20"><span class='ocrx_word' id='word_1_9' title='bbox 124 348 183 415; x_wconf 77' lang='lat' dir='ltr'><strong><em>ricc</em></strong></span> <span class='ocrx_word' id='word_1_10' title='bbox 195 350 312 412; x_wconf 82' lang='lat' dir='ltr'><strong><em>collato.</em></strong></span> <span class='ocrx_word' id='word_1_11' title='bbox 323 349 380 409; x_wconf 89' lang='lat' dir='ltr'><strong><em>Sed</em></strong></span> <span class='ocrx_word' id='word_1_12' title='bbox 394 350 632 421; x_wconf 74' lang='lat' dir='ltr'><strong><em>communissima</em></strong></span> <span class='ocrx_word' id='word_1_13' title='bbox 646 361 677 411; x_wconf 91' lang='lat' dir='ltr'><strong><em>et</em></strong></span> <span class='ocrx_word' id='word_1_14' title='bbox 689 370 758 412; x_wconf 80' lang='lat' dir='ltr'><strong><em>vero</em></strong></span> <span class='ocrx_word' id='word_1_15' title='bbox 778 355 922 415; x_wconf 83' lang='lat' dir='ltr'><strong><em>sententio</em></strong></span> <span class='ocrx_word' id='word_1_16' title='bbox 944 357 1047 432; x_wconf 87' lang='lat' dir='ltr'><strong><em>docet,</em></strong></span> <span class='ocrx_word' id='word_1_17' title='bbox 1060 369 1132 423; x_wconf 88' lang='lat' dir='ltr'><strong><em>tunc</em></strong></span> 
     </span>
     <span class='ocr_line' id='line_1_3' title="bbox 123 433 1131 519; baseline 0.009 -24"><span class='ocrx_word' id='word_1_18' title='bbox 123 433 238 497; x_wconf 81' lang='lat' dir='ltr'><strong><em>uncum</em></strong></span> <span class='ocrx_word' id='word_1_19' title='bbox 252 435 324 494; x_wconf 74' lang='lat' dir='ltr'><strong><em>uteo</em></strong></span> <span class='ocrx_word' id='word_1_20' title='bbox 345 450 451 510; x_wconf 85' lang='lat' dir='ltr'><strong><em>pueros</em></strong></span> <span class='ocrx_word' id='word_1_21' title='bbox 469 449 530 492; x_wconf 84' lang='lat' dir='ltr'><strong><em>esse</em></strong></span> <span class='ocrx_word' id='word_1_22' title='bbox 555 433 801 513; x_wconf 72' lang='lat' dir='ltr'><strong><em>rebaptizandos,</em></strong></span> <span class='ocrx_word' id='word_1_23' title='bbox 828 438 945 515; x_wconf 80' lang='lat' dir='ltr'><strong><em>quondo</em></strong></span> <span class='ocrx_word' id='word_1_24' title='bbox 962 438 1043 502; x_wconf 79' lang='lat' dir='ltr'><strong><em>adest</em></strong></span> <span class='ocrx_word' id='word_1_25' title='bbox 1060 461 1131 519; x_wconf 85' lang='lat' dir='ltr'><strong><em>pro-</em></strong></span> 
     </span>
     <span class='ocr_line' id='line_1_4' title="bbox 122 514 1130 604; baseline 0.009 -27"><span class='ocrx_word' id='word_1_26' title='bbox 122 517 227 579; x_wconf 87' lang='lat' dir='ltr'><strong><em>bobilis</em></strong></span> <span class='ocrx_word' id='word_1_27' title='bbox 250 515 374 594; x_wconf 83' lang='lat' dir='ltr'><strong><em>suspicio</em></strong></span> <span class='ocrx_word' id='word_1_28' title='bbox 390 514 500 574; x_wconf 87' lang='lat' dir='ltr'><strong><em>erroris</em></strong></span> <span class='ocrx_word' id='word_1_29' title='bbox 515 516 545 576; x_wconf 88' lang='lat' dir='ltr'><strong><em>in</em></strong></span> <span class='ocrx_word' id='word_1_30' title='bbox 563 516 633 577; x_wconf 89' lang='lat' dir='ltr'><strong><em>doto</em></strong></span> <span class='ocrx_word' id='word_1_31' title='bbox 650 517 812 596; x_wconf 84' lang='lat' dir='ltr'><strong><em>beptism03</em></strong></span> <span class='ocrx_word' id='word_1_32' title='bbox 826 521 866 581; x_wconf 87' lang='lat' dir='ltr'><strong><em>ite</em></strong></span> <span class='ocrx_word' id='word_1_33' title='bbox 889 524 964 582; x_wconf 74' lang='lat' dir='ltr'><strong><em>Broc.</em></strong></span> <span class='ocrx_word' id='word_1_34' title='bbox 989 528 1130 604; x_wconf 82' lang='lat' dir='ltr'><strong><em>utsupra</em></strong></span> 
     </span>
    </p>
   </div>
   <div class='ocr_carea' id='block_1_3' title="bbox 98 598 1161 3105">
    <p class='ocr_par' dir='ltr' id='par_1_3' title="bbox 98 598 1161 3105">
     <span class='ocr_line' id='line_1_5' title="bbox 121 598 1127 689; baseline 0.006 -28"><span class='ocrx_word' id='word_1_35' title='bbox 121 608 150 663; x_wconf 88' lang='lat' dir='ltr'><strong><em>et</em></strong></span> <span class='ocrx_word' id='word_1_36' title='bbox 160 603 250 662; x_wconf 86' lang='lat' dir='ltr'><strong><em>Suor.</em></strong></span> <span class='ocrx_word' id='word_1_37' title='bbox 266 598 442 661; x_wconf 71' lang='grc'><strong>(1511111.</strong></span> <span class='ocrx_word' id='word_1_38' title='bbox 457 599 487 657; x_wconf 88' lang='grc'><strong><em>6.</em></strong></span> <span class='ocrx_word' id='word_1_39' title='bbox 508 600 593 660; x_wconf 84' lang='lat' dir='ltr'><strong><em>Coae.</em></strong></span> <span class='ocrx_word' id='word_1_40' title='bbox 607 598 628 661; x_wconf 87' lang='grc'><strong><em>1.</em></strong></span> <span class='ocrx_word' id='word_1_41' title='bbox 645 620 671 662; x_wconf 87' lang='lat' dir='ltr'><strong><em>c.</em></strong></span> <span class='ocrx_word' id='word_1_42' title='bbox 684 603 765 674; x_wconf 26' lang='lat' dir='ltr'><strong><em>Nat..</em></strong></span> <span class='ocrx_word' id='word_1_43' title='bbox 781 599 866 665; x_wconf 81' lang='lat' dir='ltr'><strong><em>Alea.</em></strong></span> <span class='ocrx_word' id='word_1_44' title='bbox 876 621 960 686; x_wconf 86' lang='lat' dir='ltr'><strong><em>prop.</em></strong></span> <span class='ocrx_word' id='word_1_45' title='bbox 977 608 1007 666; x_wconf 87' lang='grc'><strong><em>7.</em></strong></span> <span class='ocrx_word' id='word_1_46' title='bbox 1023 625 1085 689; x_wconf 75' lang='lat' dir='ltr'><strong><em>rep.</em></strong></span> <span class='ocrx_word' id='word_1_47' title='bbox 1098 611 1127 669; x_wconf 77' lang='grc'><strong><em>1.</em></strong></span> 
     </span>
     <span class='ocr_line' id='line_1_6' title="bbox 118 677 1126 767; baseline 0.006 -20"><span class='ocrx_word' id='word_1_48' title='bbox 118 685 227 765; x_wconf 74' lang='lat' dir='ltr'><strong><em>Lapat.</em></strong></span> <span class='ocrx_word' id='word_1_49' title='bbox 246 704 272 746; x_wconf 88' lang='lat' dir='ltr'><strong><em>o.</em></strong></span> <span class='ocrx_word' id='word_1_50' title='bbox 295 684 325 743; x_wconf 75' lang='grc' dir='ltr'><strong><em>ὅ.</em></strong></span> <span class='ocrx_word' id='word_1_51' title='bbox 341 677 459 743; x_wconf 83' lang='lat' dir='ltr'><strong><em>Holzm.</em></strong></span> <span class='ocrx_word' id='word_1_52' title='bbox 482 700 514 761; x_wconf 85' lang='lat' dir='ltr'><strong><em>p.</em></strong></span> <span class='ocrx_word' id='word_1_53' title='bbox 536 682 605 744; x_wconf 91' lang='grc'><strong>151.</strong></span> <span class='ocrx_word' id='word_1_54' title='bbox 626 703 711 746; x_wconf 81' lang='lat' dir='ltr'><strong><em>rrum.</em></strong></span> <span class='ocrx_word' id='word_1_55' title='bbox 734 688 803 746; x_wconf 78' lang='grc'><strong>115.</strong></span> <span class='ocrx_word' id='word_1_56' title='bbox 823 683 893 747; x_wconf 89' lang='lat' dir='ltr'><strong><em>Pol.</em></strong></span> <span class='ocrx_word' id='word_1_57' title='bbox 913 706 946 767; x_wconf 85' lang='lat' dir='ltr'><strong><em>p.</em></strong></span> <span class='ocrx_word' id='word_1_58' title='bbox 967 690 1016 751; x_wconf 90' lang='grc'><strong><em>15.</em></strong></span> <span class='ocrx_word' id='word_1_59' title='bbox 1040 708 1075 751; x_wconf 84' lang='lat' dir='ltr'><strong><em>a.</em></strong></span> <span class='ocrx_word' id='word_1_60' title='bbox 1096 694 1126 753; x_wconf 87' lang='grc'><strong><em>7.</em></strong></span> 
     </span>
     <span class='ocr_line' id='line_1_7' title="bbox 120 767 1127 856; baseline 0.007 -26"><span class='ocrx_word' id='word_1_61' title='bbox 120 788 190 833; x_wconf 88' lang='lat' dir='ltr'><strong><em>oum</em></strong></span> <span class='ocrx_word' id='word_1_62' title='bbox 201 772 271 835; x_wconf 82' lang='lat' dir='ltr'><strong><em>Cart.</em></strong></span> <span class='ocrx_word' id='word_1_63' title='bbox 286 767 375 829; x_wconf 81' lang='lat' dir='ltr'><strong><em>Graia</em></strong></span> <span class='ocrx_word' id='word_1_64' title='bbox 393 785 426 827; x_wconf 87' lang='lat' dir='ltr'><strong><em>a.</em></strong></span> <span class='ocrx_word' id='word_1_65' title='bbox 443 768 513 828; x_wconf 87' lang='grc'><strong>511.</strong></span> <span class='ocrx_word' id='word_1_66' title='bbox 531 785 598 829; x_wconf 88' lang='lat' dir='ltr'><strong><em>cum</em></strong></span> <span class='ocrx_word' id='word_1_67' title='bbox 619 769 694 832; x_wconf 83' lang='lat' dir='ltr'><strong><em>Gob.</em></strong></span> <span class='ocrx_word' id='word_1_68' title='bbox 713 778 742 831; x_wconf 89' lang='lat' dir='ltr'><strong><em>et</em></strong></span> <span class='ocrx_word' id='word_1_69' title='bbox 758 771 859 847; x_wconf 77' lang='lat' dir='ltr'><strong><em>Quint.</em></strong></span> <span class='ocrx_word' id='word_1_70' title='bbox 875 769 966 833; x_wconf 87' lang='lat' dir='ltr'><strong><em>Solm.</em></strong></span> <span class='ocrx_word' id='word_1_71' title='bbox 983 771 1019 835; x_wconf 84' lang='lat' dir='ltr'><strong><em>de</em></strong></span> <span class='ocrx_word' id='word_1_72' title='bbox 1046 772 1127 856; x_wconf 84' lang='lat' dir='ltr'><strong><em>bapt.</em></strong></span> 
     </span>
     <span class='ocr_line' id='line_1_8' title="bbox 119 852 1126 934; baseline 0.004 -19"><span class='ocrx_word' id='word_1_73' title='bbox 119 872 147 914; x_wconf 90' lang='lat' dir='ltr'><strong><em>o.</em></strong></span> <span class='ocrx_word' id='word_1_74' title='bbox 161 858 192 915; x_wconf 82' lang='lat'><strong><em>6.</em></strong></span> <span class='ocrx_word' id='word_1_75' title='bbox 202 871 234 933; x_wconf 80' lang='lat' dir='ltr'><strong><em>p.</em></strong></span> <span class='ocrx_word' id='word_1_76' title='bbox 250 855 281 913; x_wconf 88' lang='grc'><strong><em>1.</em></strong></span> <span class='ocrx_word' id='word_1_77' title='bbox 297 870 329 912; x_wconf 88' lang='lat' dir='ltr'><strong><em>u.</em></strong></span> <span class='ocrx_word' id='word_1_78' title='bbox 342 853 392 913; x_wconf 85' lang='lat'><strong><em>60.</em></strong></span> <span class='ocrx_word' id='word_1_79' title='bbox 409 868 476 918; x_wconf 85' lang='lat' dir='ltr'><strong><em>oum</em></strong></span> <span class='ocrx_word' id='word_1_80' title='bbox 491 852 570 911; x_wconf 85' lang='lat' dir='ltr'><strong><em>Bou.</em></strong></span> <span class='ocrx_word' id='word_1_81' title='bbox 585 854 621 914; x_wconf 89' lang='lat' dir='ltr'><strong><em>Et</em></strong></span> <span class='ocrx_word' id='word_1_82' title='bbox 644 853 685 913; x_wconf 81' lang='lat' dir='ltr'><strong><em>ito</em></strong></span> <span class='ocrx_word' id='word_1_83' title='bbox 708 855 822 914; x_wconf 86' lang='lat' dir='ltr'><strong><em>censuit</em></strong></span> <span class='ocrx_word' id='word_1_84' title='bbox 835 856 866 914; x_wconf 86' lang='lat' dir='ltr'><strong><em>S.</em></strong></span> <span class='ocrx_word' id='word_1_85' title='bbox 882 856 915 915; x_wconf 86' lang='lat' dir='ltr'><strong><em>C.</em></strong></span> <span class='ocrx_word' id='word_1_86' title='bbox 935 856 980 934; x_wconf 84' lang='lat' dir='ltr'><strong><em>(ut</em></strong></span> <span class='ocrx_word' id='word_1_87' title='bbox 991 857 1080 921; x_wconf 77' lang='lat' dir='ltr'><strong>refert</strong></span> <span class='ocrx_word' id='word_1_88' title='bbox 1093 861 1126 919; x_wconf 85' lang='lat' dir='ltr'><strong><em>P.</em></strong></span> 
     </span>
     <span class='ocr_line' id='line_1_9' title="bbox 119 932 1127 1018; baseline 0.002 -17"><span class='ocrx_word' id='word_1_89' title='bbox 119 935 273 1001; x_wconf 73' lang='lat' dir='ltr'><strong><em>Zacharia</em></strong></span> <span class='ocrx_word' id='word_1_90' title='bbox 288 953 339 1017; x_wconf 85' lang='lat' dir='ltr'><strong><em>ap.</em></strong></span> <span class='ocrx_word' id='word_1_91' title='bbox 359 933 449 999; x_wconf 80' lang='lat' dir='ltr'><strong><em>Graia</em></strong></span> <span class='ocrx_word' id='word_1_92' title='bbox 470 932 492 995; x_wconf 88' lang='lat' dir='ltr'><strong><em>l.</em></strong></span> <span class='ocrx_word' id='word_1_93' title='bbox 513 936 543 995; x_wconf 88' lang='grc'><strong>6.</strong></span> <span class='ocrx_word' id='word_1_94' title='bbox 563 955 595 1017; x_wconf 86' lang='lat' dir='ltr'><strong><em>p.</em></strong></span> <span class='ocrx_word' id='word_1_95' title='bbox 609 939 641 997; x_wconf 86' lang='lat' dir='ltr'><strong><em>t.</em></strong></span> <span class='ocrx_word' id='word_1_96' title='bbox 653 954 687 996; x_wconf 85' lang='lat' dir='ltr'><strong><em>o.</em></strong></span> <span class='ocrx_word' id='word_1_97' title='bbox 707 934 899 1015; x_wconf 59' lang='grc'><strong>5151611163</strong></span> <span class='ocrx_word' id='word_1_98' title='bbox 916 957 1023 1018; x_wconf 83' lang='lat' dir='ltr'><strong><em>pueros</em></strong></span> <span class='ocrx_word' id='word_1_99' title='bbox 1046 938 1127 1003; x_wconf 89' lang='lat' dir='ltr'><strong><em>domi</em></strong></span> 
     </span>
     <span class='ocr_line' id='line_1_10' title="bbox 117 1015 1129 1101; baseline 0.005 -20"><span class='ocrx_word' id='word_1_100' title='bbox 117 1015 292 1098; x_wconf 74' lang='lat' dir='ltr'><strong><em>baptizotos¹</em></strong></span> <span class='ocrx_word' id='word_1_101' title='bbox 303 1037 364 1078; x_wconf 87' lang='lat' dir='ltr'><strong><em>nou</em></strong></span> <span class='ocrx_word' id='word_1_102' title='bbox 383 1035 445 1078; x_wconf 82' lang='lat' dir='ltr'><strong><em>csse</em></strong></span> <span class='ocrx_word' id='word_1_103' title='bbox 465 1018 712 1096; x_wconf 83' lang='lat' dir='ltr'><strong><em>rebaptizandos,</em></strong></span> <span class='ocrx_word' id='word_1_104' title='bbox 736 1023 793 1082; x_wconf 88' lang='lat' dir='ltr'><strong><em>nisi</em></strong></span> <span class='ocrx_word' id='word_1_105' title='bbox 811 1020 886 1082; x_wconf 78' lang='lat' dir='ltr'><strong><em>adsit</em></strong></span> <span class='ocrx_word' id='word_1_106' title='bbox 898 1022 1049 1101; x_wconf 79' lang='lat' dir='ltr'>probabile</span> <span class='ocrx_word' id='word_1_107' title='bbox 1072 1025 1129 1088; x_wconf 89' lang='lat' dir='ltr'><strong><em>du·</em></strong></span> 
     </span>
     <span class='ocr_line' id='line_1_11' title="bbox 117 1101 1127 1177; baseline 0.005 -11"><span class='ocrx_word' id='word_1_108' title='bbox 117 1105 203 1168; x_wconf 87' lang='lat' dir='ltr'><strong><em>bium</em></strong></span> <span class='ocrx_word' id='word_1_109' title='bbox 231 1102 431 1163; x_wconf 83' lang='lat' dir='ltr'><strong><em>involiditotis.</em></strong></span> <span class='ocrx_word' id='word_1_110' title='bbox 466 1101 555 1163; x_wconf 85' lang='lat' dir='ltr'><strong><em>Seobs</em></strong></span> <span class='ocrx_word' id='word_1_111' title='bbox 581 1104 654 1165; x_wconf 83' lang='lat' dir='ltr'><strong><em>verb</em></strong></span> <span class='ocrx_word' id='word_1_112' title='bbox 675 1105 856 1177; x_wconf 87' lang='lat' dir='ltr'><strong><em>dicendum,</em></strong></span> <span class='ocrx_word' id='word_1_113' title='bbox 882 1106 907 1166; x_wconf 85' lang='lat' dir='ltr'><strong><em>si</em></strong></span> <span class='ocrx_word' id='word_1_114' title='bbox 935 1107 967 1166; x_wconf 88' lang='lat' dir='ltr'><strong><em>iu</em></strong></span> <span class='ocrx_word' id='word_1_115' title='bbox 993 1111 1127 1171; x_wconf 80' lang='lat' dir='ltr'><strong><em>examine</em></strong></span> 
     </span>
     <span class='ocr_line' id='line_1_12' title="bbox 118 1185 1127 1269; baseline 0.008 -21"><span class='ocrx_word' id='word_1_116' title='bbox 118 1185 265 1269; x_wconf 78' lang='lat' dir='ltr'><strong><em>parochus</em></strong></span> <span class='ocrx_word' id='word_1_117' title='bbox 292 1194 470 1248; x_wconf 60' lang='lat' dir='ltr'><strong><em>constanter&lt;</em></strong></span> <span class='ocrx_word' id='word_1_118' title='bbox 486 1185 686 1265; x_wconf 82' lang='lat' dir='ltr'><strong><em>deprehendet</em></strong></span> <span class='ocrx_word' id='word_1_119' title='bbox 719 1189 903 1250; x_wconf 76' lang='lat' dir='ltr'><strong>obstetricem</strong></span> <span class='ocrx_word' id='word_1_120' title='bbox 934 1189 1038 1266; x_wconf 85' lang='lat' dir='ltr'><strong><em>illam,</em></strong></span> <span class='ocrx_word' id='word_1_121' title='bbox 1064 1194 1127 1256; x_wconf 77' lang='lat' dir='ltr'><strong><em>sire</em></strong></span> 
     </span>
     <span class='ocr_line' id='line_1_13' title="bbox 117 1268 1127 1352; baseline 0.004 -18"><span class='ocrx_word' id='word_1_122' title='bbox 117 1273 230 1334; x_wconf 78' lang='lat' dir='ltr'><strong><em>laicum</em></strong></span> <span class='ocrx_word' id='word_1_123' title='bbox 242 1268 300 1331; x_wconf 75' lang='lat' dir='ltr'><strong><em>rite</em></strong></span> <span class='ocrx_word' id='word_1_124' title='bbox 328 1270 507 1348; x_wconf 72' lang='lat' dir='ltr'><strong><em>baptizasse,</em></strong></span> <span class='ocrx_word' id='word_1_125' title='bbox 520 1279 566 1333; x_wconf 80' lang='lat' dir='ltr'><strong><em>‚ut</em></strong></span> <span class='ocrx_word' id='word_1_126' title='bbox 581 1271 684 1332; x_wconf 90' lang='lat' dir='ltr'><strong><em>dicunt</em></strong></span> <span class='ocrx_word' id='word_1_127' title='bbox 698 1272 759 1333; x_wconf 83' lang='grc' dir='ltr'><strong><em>ΑΛ.</em></strong></span> <span class='ocrx_word' id='word_1_128' title='bbox 777 1273 888 1351; x_wconf 83' lang='lat' dir='ltr'><strong><em>praesoti</em></strong></span> <span class='ocrx_word' id='word_1_129' title='bbox 904 1318 913 1346; x_wconf 96' lang='lat'><strong><em>,</em></strong></span> <span class='ocrx_word' id='word_1_130' title='bbox 927 1272 1034 1352; x_wconf 82' lang='lat' dir='ltr'><strong><em>quibus</em></strong></span> <span class='ocrx_word' id='word_1_131' title='bbox 1057 1295 1127 1338; x_wconf 85' lang='lat' dir='ltr'><strong><em>cou-</em></strong></span> 
     </span>
     <span class='ocr_line' id='line_1_14' title="bbox 116 1352 1124 1433; baseline 0.004 -16"><span class='ocrx_word' id='word_1_132' title='bbox 116 1355 210 1419; x_wconf 86' lang='lat' dir='ltr'><strong><em>scutit</em></strong></span> <span class='ocrx_word' id='word_1_133' title='bbox 221 1353 367 1415; x_wconf 72' lang='lat' dir='ltr'><strong><em>Eutimia</em></strong></span> <span class='ocrx_word' id='word_1_134' title='bbox 378 1354 408 1414; x_wconf 94' lang='grc'><strong><em>1.</em></strong></span> <span class='ocrx_word' id='word_1_135' title='bbox 421 1353 490 1414; x_wconf 83' lang='lat' dir='ltr'><strong><em>dict.</em></strong></span> <span class='ocrx_word' id='word_1_136' title='bbox 508 1357 538 1414; x_wconf 89' lang='grc'><strong><em>1.</em></strong></span> <span class='ocrx_word' id='word_1_137' title='bbox 556 1352 581 1433; x_wconf 70' lang='lat' dir='ltr'><strong><em>S.</em></strong></span> <span class='ocrx_word' id='word_1_138' title='bbox 600 1357 648 1416; x_wconf 83' lang='grc'><strong>111.</strong></span> <span class='ocrx_word' id='word_1_139' title='bbox 659 1374 725 1415; x_wconf 80' lang='lat' dir='ltr'><strong><em>curt</em></strong></span> <span class='ocrx_word' id='word_1_140' title='bbox 738 1359 829 1432; x_wconf 88' lang='lat' dir='ltr'><strong><em>Solo,</em></strong></span> <span class='ocrx_word' id='word_1_141' title='bbox 844 1358 933 1419; x_wconf 88' lang='lat' dir='ltr'><strong><em>Petro</em></strong></span> <span class='ocrx_word' id='word_1_142' title='bbox 950 1356 985 1418; x_wconf 84' lang='lat' dir='ltr'><strong><em>de</em></strong></span> <span class='ocrx_word' id='word_1_143' title='bbox 997 1355 1124 1432; x_wconf 76' lang='lat' dir='ltr'><strong><em>Paluda,</em></strong></span> 
     </span>
     <span class='ocr_line' id='line_1_15' title="bbox 116 1435 1126 1520; baseline 0.003 -18"><span class='ocrx_word' id='word_1_144' title='bbox 116 1450 146 1502; x_wconf 89' lang='lat' dir='ltr'><strong><em>et</em></strong></span> <span class='ocrx_word' id='word_1_145' title='bbox 156 1435 239 1520; x_wconf 76' lang='lat' dir='ltr'><strong><em>Sylc.</em></strong></span> <span class='ocrx_word' id='word_1_146' title='bbox 252 1438 303 1501; x_wconf 91' lang='lat' dir='ltr'><strong><em>ubi</em></strong></span> <span class='ocrx_word' id='word_1_147' title='bbox 322 1438 394 1499; x_wconf 87' lang='lat' dir='ltr'><strong><em>dicit</em></strong></span> <span class='ocrx_word' id='word_1_148' title='bbox 410 1456 471 1499; x_wconf 90' lang='lat' dir='ltr'><strong><em>non</em></strong></span> <span class='ocrx_word' id='word_1_149' title='bbox 487 1456 550 1499; x_wconf 85' lang='lat' dir='ltr'><strong><em>esse</em></strong></span> <span class='ocrx_word' id='word_1_150' title='bbox 575 1439 783 1518; x_wconf 75' lang='lat' dir='ltr'><strong><em>baptizandos,</em></strong></span> <span class='ocrx_word' id='word_1_151' title='bbox 797 1440 865 1501; x_wconf 80' lang='lat' dir='ltr'><strong><em>erim</em></strong></span> <span class='ocrx_word' id='word_1_152' title='bbox 879 1440 1017 1504; x_wconf 73' lang='lat' dir='ltr'><strong><em>obstetrix</em></strong></span> <span class='ocrx_word' id='word_1_153' title='bbox 1035 1443 1126 1505; x_wconf 85' lang='lat' dir='ltr'><strong><em>iuter·</em></strong></span> 
     </span>
     <span class='ocr_line' id='line_1_16' title="bbox 117 1521 1127 1605; baseline 0.006 -21"><span class='ocrx_word' id='word_1_154' title='bbox 117 1530 225 1604; x_wconf 78' lang='lat' dir='ltr'><strong><em>ropata</em></strong></span> <span class='ocrx_word' id='word_1_155' title='bbox 249 1528 368 1585; x_wconf 81' lang='lat' dir='ltr'><strong><em>laetetur</em></strong></span> <span class='ocrx_word' id='word_1_156' title='bbox 386 1538 418 1582; x_wconf 83' lang='lat' dir='ltr'><strong><em>ce</em></strong></span> <span class='ocrx_word' id='word_1_157' title='bbox 445 1521 502 1582; x_wconf 72' lang='lat' dir='ltr'><strong><em>riti</em></strong></span> <span class='ocrx_word' id='word_1_158' title='bbox 524 1529 618 1584; x_wconf 87' lang='lat' dir='ltr'><strong><em>totum</em></strong></span> <span class='ocrx_word' id='word_1_159' title='bbox 638 1523 810 1604; x_wconf 78' lang='lat' dir='ltr'><strong><em>mysterium</em></strong></span> <span class='ocrx_word' id='word_1_160' title='bbox 881 1525 980 1605; x_wconf 66' lang='lat' dir='ltr'><strong><em>mireo.</em></strong></span> <span class='ocrx_word' id='word_1_161' title='bbox 1006 1528 1041 1587; x_wconf 90' lang='lat' dir='ltr'><strong><em>ld</em></strong></span> <span class='ocrx_word' id='word_1_162' title='bbox 1055 1546 1127 1590; x_wconf 89' lang='lat' dir='ltr'><strong><em>oon·</em></strong></span> 
     </span>
     <span class='ocr_line' id='line_1_17' title="bbox 114 1600 1121 1689; baseline 0.006 -22"><span class='ocrx_word' id='word_1_163' title='bbox 114 1608 217 1667; x_wconf 84' lang='lat' dir='ltr'><strong><em>firmet</em></strong></span> <span class='ocrx_word' id='word_1_164' title='bbox 231 1605 265 1667; x_wconf 83' lang='lat' dir='ltr'><strong><em>S.</em></strong></span> <span class='ocrx_word' id='word_1_165' title='bbox 280 1600 404 1667; x_wconf 78' lang='lat' dir='ltr'><strong><em>Carolus</em></strong></span> <span class='ocrx_word' id='word_1_166' title='bbox 423 1607 560 1667; x_wconf 86' lang='lat' dir='ltr'><strong><em>Borrom.</em></strong></span> <span class='ocrx_word' id='word_1_167' title='bbox 579 1604 625 1686; x_wconf 80' lang='lat' dir='ltr'><strong><em>(ia</em></strong></span> <span class='ocrx_word' id='word_1_168' title='bbox 651 1608 786 1668; x_wconf 77' lang='lat' dir='ltr'><strong><em>instruct.</em></strong></span> <span class='ocrx_word' id='word_1_169' title='bbox 868 1606 967 1689; x_wconf 81' lang='lat' dir='ltr'><strong><em>bapt.)</em></strong></span> <span class='ocrx_word' id='word_1_170' title='bbox 996 1610 1121 1673; x_wconf 67' lang='lat' dir='ltr'><strong><em>dicensi</em></strong></span> 
     </span>
     <span class='ocr_line' id='line_1_18' title="bbox 114 1687 1126 1772; baseline 0.008 -22"><span class='ocrx_word' id='word_1_171' title='bbox 114 1690 169 1764; x_wconf 86' lang='lat' dir='ltr'><strong><em>Si,</em></strong></span> <span class='ocrx_word' id='word_1_172' title='bbox 180 1708 212 1751; x_wconf 87' lang='lat' dir='ltr'><strong><em>re</em></strong></span> <span class='ocrx_word' id='word_1_173' title='bbox 233 1690 367 1752; x_wconf 76' lang='lat' dir='ltr'><strong><em>coarcte</em></strong></span> <span class='ocrx_word' id='word_1_174' title='bbox 381 1687 578 1772; x_wconf 66' lang='lat' dir='ltr'><strong><em>immicum,</em></strong></span> <span class='ocrx_word' id='word_1_175' title='bbox 599 1690 767 1771; x_wconf 79' lang='lat' dir='ltr'>(parochus)</span> <span class='ocrx_word' id='word_1_176' title='bbox 782 1689 968 1772; x_wconf 79' lang='lat' dir='ltr'><strong><em>exploratam</em></strong></span> <span class='ocrx_word' id='word_1_177' title='bbox 990 1692 1126 1762; x_wconf 84' lang='lat' dir='ltr'><strong><em>babuerit</em></strong></span> 
     </span>
     <span class='ocr_line' id='line_1_19' title="bbox 110 1771 1124 1857; baseline 0.009 -24"><span class='ocrx_word' id='word_1_178' title='bbox 110 1790 242 1857; x_wconf 80' lang='lat' dir='ltr'><strong><em>puerum</em></strong></span> <span class='ocrx_word' id='word_1_179' title='bbox 258 1771 357 1852; x_wconf 69' lang='lat' dir='ltr'><strong><em>forma</em></strong></span> <span class='ocrx_word' id='word_1_180' title='bbox 378 1773 494 1834; x_wconf 82' lang='lat' dir='ltr'><strong><em>seruata</em></strong></span> <span class='ocrx_word' id='word_1_181' title='bbox 506 1772 689 1853; x_wconf 82' lang='lat' dir='ltr'><strong><em>baptizatum</em></strong></span> <span class='ocrx_word' id='word_1_182' title='bbox 709 1792 789 1848; x_wconf 81' lang='lat' dir='ltr'><strong><em>eece,</em></strong></span> <span class='ocrx_word' id='word_1_183' title='bbox 809 1785 910 1838; x_wconf 86' lang='lat' dir='ltr'><strong><em>careat</em></strong></span> <span class='ocrx_word' id='word_1_184' title='bbox 930 1778 1070 1854; x_wconf 77' lang='lat' dir='ltr'><strong><em>ammiod,</em></strong></span> <span class='ocrx_word' id='word_1_185' title='bbox 1086 1798 1124 1851; x_wconf 78' lang='lat' dir='ltr'><strong><em>ne</em></strong></span> 
     </span>
     <span class='ocr_line' id='line_1_20' title="bbox 114 1854 1124 1942; baseline 0.006 -23"><span class='ocrx_word' id='word_1_186' title='bbox 114 1857 194 1920; x_wconf 81' lang='lat' dir='ltr'><strong><em>boue</em></strong></span> <span class='ocrx_word' id='word_1_187' title='bbox 211 1854 267 1919; x_wconf 76' lang='lat' dir='ltr'><strong><em>cab</em></strong></span> <span class='ocrx_word' id='word_1_188' title='bbox 281 1855 445 1918; x_wconf 73' lang='lat' dir='ltr'><strong><em>conditione</em></strong></span> <span class='ocrx_word' id='word_1_189' title='bbox 470 1855 648 1936; x_wconf 72' lang='lat' dir='ltr'><strong><em>baptizandi</em></strong></span> <span class='ocrx_word' id='word_1_190' title='bbox 665 1855 795 1935; x_wconf 70' lang='lat' dir='ltr'><strong><em>forciam</em></strong></span> <span class='ocrx_word' id='word_1_191' title='bbox 818 1857 965 1921; x_wconf 79' lang='lat' dir='ltr'><strong><em>adhibeat.</em></strong></span> <span class='ocrx_word' id='word_1_192' title='bbox 983 1862 1124 1942; x_wconf 83' lang='lat' dir='ltr'><strong><em>idemque</em></strong></span> 
     </span>
     <span class='ocr_line' id='line_1_21' title="bbox 113 1934 1124 2026; baseline 0.006 -24"><span class='ocrx_word' id='word_1_193' title='bbox 113 1942 228 2002; x_wconf 89' lang='lat' dir='ltr'><strong><em>dicitur</em></strong></span> <span class='ocrx_word' id='word_1_194' title='bbox 251 1939 414 2002; x_wconf 76' lang='lat' dir='ltr'><strong><em>indeteob.</em></strong></span> <span class='ocrx_word' id='word_1_195' title='bbox 439 1958 516 2001; x_wconf 89' lang='lat' dir='ltr'><strong><em>rom.</em></strong></span> <span class='ocrx_word' id='word_1_196' title='bbox 547 1937 582 2000; x_wconf 86' lang='lat' dir='ltr'><strong><em>de</em></strong></span> <span class='ocrx_word' id='word_1_197' title='bbox 603 1940 683 2020; x_wconf 83' lang='lat' dir='ltr'><strong><em>bapt.</em></strong></span> <span class='ocrx_word' id='word_1_198' title='bbox 707 1959 739 1999; x_wconf 83' lang='lat' dir='ltr'><strong><em>rr.</em></strong></span> <span class='ocrx_word' id='word_1_199' title='bbox 760 1934 810 2002; x_wconf 78' lang='lat' dir='ltr'><strong><em>bl.</em></strong></span> <span class='ocrx_word' id='word_1_200' title='bbox 825 1943 877 2002; x_wconf 91' lang='lat' dir='ltr'><strong><em>ubi</em></strong></span> <span class='ocrx_word' id='word_1_201' title='bbox 892 1963 900 2000; x_wconf 78' lang='lat' dir='ltr'><strong><em>r</em></strong></span> <span class='ocrx_word' id='word_1_202' title='bbox 915 1943 965 2001; x_wconf 83' lang='lat' dir='ltr'><strong><em>Ea</em></strong></span> <span class='ocrx_word' id='word_1_203' title='bbox 984 1941 1124 2026; x_wconf 78' lang='lat' dir='ltr'><strong><em>baptismi</em></strong></span> 
     </span>
     <span class='ocr_line' id='line_1_22' title="bbox 113 2020 1120 2105; baseline 0.004 -19"><span class='ocrx_word' id='word_1_204' title='bbox 113 2020 216 2105; x_wconf 76' lang='lat' dir='ltr'><strong><em>sorrna</em></strong></span> <span class='ocrx_word' id='word_1_205' title='bbox 239 2024 360 2100; x_wconf 87' lang='lat' dir='ltr'><strong><em>(seilicet</em></strong></span> <span class='ocrx_word' id='word_1_206' title='bbox 373 2022 583 2103; x_wconf 77' lang='lat' dir='ltr'><strong><em>conditionate)</em></strong></span> <span class='ocrx_word' id='word_1_207' title='bbox 598 2040 634 2083; x_wconf 82' lang='lat' dir='ltr'><strong><em>ee</em></strong></span> <span class='ocrx_word' id='word_1_208' title='bbox 648 2020 792 2084; x_wconf 84' lang='lat' dir='ltr'><strong><em>Alcaoud.</em></strong></span> <span class='ocrx_word' id='word_1_209' title='bbox 813 2026 908 2103; x_wconf 82' lang='lat' dir='ltr'><strong><em>Papa</em></strong></span> <span class='ocrx_word' id='word_1_210' title='bbox 932 2028 1120 2101; x_wconf 84' lang='lat' dir='ltr'><strong><em>auctoritate,</em></strong></span> 
     </span>
     <span class='ocr_line' id='line_1_23' title="bbox 114 2105 1123 2193; baseline 0.004 -24"><span class='ocrx_word' id='word_1_211' title='bbox 114 2108 151 2170; x_wconf 84' lang='lat' dir='ltr'><strong><em>io</em></strong></span> <span class='ocrx_word' id='word_1_212' title='bbox 163 2105 226 2171; x_wconf 85' lang='lat' dir='ltr'><strong><em>illio</em></strong></span> <span class='ocrx_word' id='word_1_213' title='bbox 238 2108 357 2169; x_wconf 79' lang='lat' dir='ltr'><strong><em>tautam</em></strong></span> <span class='ocrx_word' id='word_1_214' title='bbox 374 2107 574 2189; x_wconf 76' lang='lat' dir='ltr'><strong><em>permittitur,</em></strong></span> <span class='ocrx_word' id='word_1_215' title='bbox 586 2106 622 2171; x_wconf 78' lang='lat' dir='ltr'><strong><em>(lc</em></strong></span> <span class='ocrx_word' id='word_1_216' title='bbox 642 2105 771 2188; x_wconf 83' lang='lat' dir='ltr'><strong><em>quibus,</em></strong></span> <span class='ocrx_word' id='word_1_217' title='bbox 787 2124 818 2167; x_wconf 82' lang='lat' dir='ltr'><strong><em>re</em></strong></span> <span class='ocrx_word' id='word_1_218' title='bbox 833 2105 987 2191; x_wconf 62' lang='lat' dir='ltr'><strong><em>diligenter</em></strong></span> <span class='ocrx_word' id='word_1_219' title='bbox 1002 2114 1123 2193; x_wconf 81' lang='lat' dir='ltr'><strong><em>perqui-</em></strong></span> 
     </span>
     <span class='ocr_line' id='line_1_24' title="bbox 113 2188 1122 2275; baseline 0.005 -22"><span class='ocrx_word' id='word_1_220' title='bbox 113 2194 193 2265; x_wconf 80' lang='lat' dir='ltr'><strong><em>sita,</em></strong></span> <span class='ocrx_word' id='word_1_221' title='bbox 218 2191 342 2263; x_wconf 80' lang='lat' dir='ltr'><strong><em>dubium</em></strong></span> <span class='ocrx_word' id='word_1_222' title='bbox 362 2188 562 2271; x_wconf 75' lang='lat' dir='ltr'><strong><em>relinquitur,</em></strong></span> <span class='ocrx_word' id='word_1_223' title='bbox 585 2210 627 2253; x_wconf 86' lang='lat' dir='ltr'><strong><em>aa</em></strong></span> <span class='ocrx_word' id='word_1_224' title='bbox 652 2189 830 2271; x_wconf 78' lang='lat' dir='ltr'><strong><em>baptismam</em></strong></span> <span class='ocrx_word' id='word_1_225' title='bbox 851 2189 908 2251; x_wconf 79' lang='lat' dir='ltr'><strong><em>ricc</em></strong></span> <span class='ocrx_word' id='word_1_226' title='bbox 928 2199 1122 2275; x_wconf 66' lang='lat' dir='ltr'><strong><em>susceperint,</em></strong></span> 
     </span>
     <span class='ocr_line' id='line_1_25' title="bbox 113 2271 1123 2355; baseline 0.001 -16"><span class='ocrx_word' id='word_1_227' title='bbox 113 2275 205 2339; x_wconf 84' lang='lat' dir='ltr'><strong><em>aliter</em></strong></span> <span class='ocrx_word' id='word_1_228' title='bbox 218 2277 287 2339; x_wconf 81' lang='lat' dir='ltr'><strong><em>card</em></strong></span> <span class='ocrx_word' id='word_1_229' title='bbox 313 2293 470 2355; x_wconf 70' lang='lat' dir='ltr'><strong><em>aunarium</em></strong></span> <span class='ocrx_word' id='word_1_230' title='bbox 486 2272 537 2354; x_wconf 71' lang='lat' dir='ltr'><strong><em>fae</em></strong></span> <span class='ocrx_word' id='word_1_231' title='bbox 566 2283 622 2349; x_wconf 83' lang='lat' dir='ltr'><strong><em>est,</em></strong></span> <span class='ocrx_word' id='word_1_232' title='bbox 644 2276 734 2336; x_wconf 86' lang='lat' dir='ltr'><strong><em>etiam</em></strong></span> <span class='ocrx_word' id='word_1_233' title='bbox 755 2292 821 2334; x_wconf 86' lang='lat' dir='ltr'><strong><em>cum</em></strong></span> <span class='ocrx_word' id='word_1_234' title='bbox 842 2271 1050 2355; x_wconf 81' lang='lat' dir='ltr'><strong><em>arljomtioae,</em></strong></span> <span class='ocrx_word' id='word_1_235' title='bbox 1069 2277 1123 2340; x_wconf 89' lang='lat' dir='ltr'><strong><em>ba·</em></strong></span> 
     </span>
     <span class='ocr_line' id='line_1_26' title="bbox 113 2357 1120 2442; baseline 0.001 -21"><span class='ocrx_word' id='word_1_236' title='bbox 113 2360 259 2442; x_wconf 81' lang='lat' dir='ltr'><strong><em>ptismum</em></strong></span> <span class='ocrx_word' id='word_1_237' title='bbox 285 2358 377 2421; x_wconf 80' lang='lat' dir='ltr'><strong><em>aliem</em></strong></span> <span class='ocrx_word' id='word_1_238' title='bbox 402 2358 510 2419; x_wconf 77' lang='lat' dir='ltr'><strong><em>iterum</em></strong></span> <span class='ocrx_word' id='word_1_239' title='bbox 532 2357 753 2420; x_wconf 74' lang='lat' dir='ltr'><strong><em>commorare.</em></strong></span> <span class='ocrx_word' id='word_1_240' title='bbox 785 2358 955 2419; x_wconf 84' lang='lat' dir='ltr'><strong><em>Notandum</em></strong></span> <span class='ocrx_word' id='word_1_241' title='bbox 977 2369 1074 2423; x_wconf 83' lang='lat' dir='ltr'><strong><em>autem</em></strong></span> <span class='ocrx_word' id='word_1_242' title='bbox 1089 2364 1120 2424; x_wconf 89' lang='grc'><strong><em>1.</em></strong></span> 
     </span>
     <span class='ocr_line' id='line_1_27' title="bbox 114 2440 1121 2523; baseline 0.003 -19"><span class='ocrx_word' id='word_1_243' title='bbox 114 2441 198 2523; x_wconf 88' lang='lat' dir='ltr'><strong><em>qubd</em></strong></span> <span class='ocrx_word' id='word_1_244' title='bbox 212 2486 220 2517; x_wconf 93' lang='lat'><strong><em>,</em></strong></span> <span class='ocrx_word' id='word_1_245' title='bbox 235 2452 389 2522; x_wconf 79' lang='lat' dir='ltr'><strong><em>postquam</em></strong></span> <span class='ocrx_word' id='word_1_246' title='bbox 412 2443 518 2518; x_wconf 78' lang='lat' dir='ltr'><strong><em>aliquis</em></strong></span> <span class='ocrx_word' id='word_1_247' title='bbox 542 2443 681 2521; x_wconf 78' lang='lat' dir='ltr'><strong><em>privatim</em></strong></span> <span class='ocrx_word' id='word_1_248' title='bbox 709 2440 873 2519; x_wconf 74' lang='lat' dir='ltr'><strong><em>baptizatus</em></strong></span> <span class='ocrx_word' id='word_1_249' title='bbox 891 2450 954 2515; x_wconf 89' lang='lat' dir='ltr'><strong><em>est,</em></strong></span> <span class='ocrx_word' id='word_1_250' title='bbox 977 2455 1121 2507; x_wconf 84' lang='lat' dir='ltr'><strong><em>consuetae</em></strong></span> 
     </span>
     <span class='ocr_line' id='line_1_28' title="bbox 98 2524 1122 2604; baseline 0.004 -17"><span class='ocrx_word' id='word_1_251' title='bbox 98 2527 297 2603; x_wconf 43' lang='lat' dir='ltr'><strong><em>‚coercmouim</em></strong></span> <span class='ocrx_word' id='word_1_252' title='bbox 311 2535 342 2587; x_wconf 88' lang='lat' dir='ltr'><strong><em>et</em></strong></span> <span class='ocrx_word' id='word_1_253' title='bbox 364 2528 440 2589; x_wconf 86' lang='lat' dir='ltr'><strong><em>ritus</em></strong></span> <span class='ocrx_word' id='word_1_254' title='bbox 465 2526 497 2586; x_wconf 91' lang='lat' dir='ltr'><strong><em>iu</em></strong></span> <span class='ocrx_word' id='word_1_255' title='bbox 513 2525 637 2587; x_wconf 83' lang='lat' dir='ltr'><strong><em>Ecclesia</em></strong></span> <span class='ocrx_word' id='word_1_256' title='bbox 662 2525 792 2604; x_wconf 85' lang='lat' dir='ltr'><strong><em>suppleri</em></strong></span> <span class='ocrx_word' id='word_1_257' title='bbox 818 2524 950 2597; x_wconf 82' lang='lat' dir='ltr'><strong><em>debent,</em></strong></span> <span class='ocrx_word' id='word_1_258' title='bbox 968 2537 1002 2588; x_wconf 91' lang='lat' dir='ltr'><strong><em>ut</em></strong></span> <span class='ocrx_word' id='word_1_259' title='bbox 1019 2528 1122 2592; x_wconf 91' lang='lat' dir='ltr'><strong><em>dicunt</em></strong></span> 
     </span>
     <span class='ocr_line' id='line_1_29' title="bbox 112 2606 1161 2691; baseline 0 -16"><span class='ocrx_word' id='word_1_260' title='bbox 112 2608 259 2675; x_wconf 83' lang='lat' dir='ltr'><strong><em>Salmde</em></strong></span> <span class='ocrx_word' id='word_1_261' title='bbox 277 2609 358 2691; x_wconf 85' lang='lat' dir='ltr'><strong><em>bapt.</em></strong></span> <span class='ocrx_word' id='word_1_262' title='bbox 379 2629 404 2670; x_wconf 88' lang='lat' dir='ltr'><strong><em>o.</em></strong></span> <span class='ocrx_word' id='word_1_263' title='bbox 424 2611 455 2669; x_wconf 94' lang='grc'><strong><em>6.</em></strong></span> <span class='ocrx_word' id='word_1_264' title='bbox 472 2629 506 2691; x_wconf 83' lang='lat' dir='ltr'><strong><em>p.</em></strong></span> <span class='ocrx_word' id='word_1_265' title='bbox 527 2611 557 2669; x_wconf 87' lang='grc'><strong><em>1.</em></strong></span> <span class='ocrx_word' id='word_1_266' title='bbox 581 2627 616 2671; x_wconf 84' lang='lat' dir='ltr'><strong><em>a.</em></strong></span> <span class='ocrx_word' id='word_1_267' title='bbox 637 2611 687 2670; x_wconf 89' lang='grc'><strong><em>60.</em></strong></span> <span class='ocrx_word' id='word_1_268' title='bbox 709 2627 777 2669; x_wconf 87' lang='lat' dir='ltr'><strong><em>oum</em></strong></span> <span class='ocrx_word' id='word_1_269' title='bbox 798 2606 947 2671; x_wconf 82' lang='lat' dir='ltr'><strong><em>communi</em></strong></span> <span class='ocrx_word' id='word_1_270' title='bbox 956 2627 992 2673; x_wconf 83' lang='lat' dir='ltr'><strong><em>aa</em></strong></span> <span class='ocrx_word' id='word_1_271' title='bbox 1004 2611 1122 2675; x_wconf 82' lang='lat' dir='ltr'><strong><em>Rituoli</em></strong></span> <span class='ocrx_word' id='word_1_272' title='bbox 1157 2646 1161 2654; x_wconf 77' lang='grc'><em>·</em></span> 
     </span>
     <span class='ocr_line' id='line_1_30' title="bbox 113 2690 1119 2774; baseline 0.002 -17"><span class='ocrx_word' id='word_1_273' title='bbox 113 2711 193 2757; x_wconf 81' lang='lat' dir='ltr'><strong><em>rom.</em></strong></span> <span class='ocrx_word' id='word_1_274' title='bbox 210 2694 380 2757; x_wconf 75' lang='lat' dir='ltr'><strong><em>Notandum</em></strong></span> <span class='ocrx_word' id='word_1_275' title='bbox 404 2696 434 2754; x_wconf 90' lang='grc'><strong><em>1.</em></strong></span> <span class='ocrx_word' id='word_1_276' title='bbox 462 2691 565 2771; x_wconf 86' lang='lat' dir='ltr'><strong><em>qubd,</em></strong></span> <span class='ocrx_word' id='word_1_277' title='bbox 581 2690 650 2755; x_wconf 81' lang='lat' dir='ltr'><strong><em>edm</em></strong></span> <span class='ocrx_word' id='word_1_278' title='bbox 674 2693 835 2772; x_wconf 76' lang='lat' dir='ltr'><strong><em>baptismus</em></strong></span> <span class='ocrx_word' id='word_1_279' title='bbox 856 2693 1040 2759; x_wconf 77' lang='lat' dir='ltr'><strong><em>reiterandus</em></strong></span> <span class='ocrx_word' id='word_1_280' title='bbox 1058 2708 1119 2774; x_wconf 83' lang='lat' dir='ltr'><strong><em>est,</em></strong></span> 
     </span>
     <span class='ocr_line' id='line_1_31' title="bbox 113 2773 1120 2857; baseline 0.006 -19"><span class='ocrx_word' id='word_1_281' title='bbox 113 2785 190 2856; x_wconf 89' lang='lat' dir='ltr'><strong><em>puto</em></strong></span> <span class='ocrx_word' id='word_1_282' title='bbox 206 2794 273 2838; x_wconf 89' lang='lat' dir='ltr'><strong><em>cum</em></strong></span> <span class='ocrx_word' id='word_1_283' title='bbox 290 2779 378 2838; x_wconf 76' lang='lat' dir='ltr'><strong><em>droia</em></strong></span> <span class='ocrx_word' id='word_1_284' title='bbox 398 2773 420 2836; x_wconf 92' lang='lat' dir='ltr'><strong><em>l.</em></strong></span> <span class='ocrx_word' id='word_1_285' title='bbox 443 2778 473 2837; x_wconf 90' lang='grc'><strong><em>6.</em></strong></span> <span class='ocrx_word' id='word_1_286' title='bbox 487 2795 522 2857; x_wconf 87' lang='lat' dir='ltr'><strong><em>p.</em></strong></span> <span class='ocrx_word' id='word_1_287' title='bbox 545 2778 574 2836; x_wconf 92' lang='grc'><strong><em>1.</em></strong></span> <span class='ocrx_word' id='word_1_288' title='bbox 591 2795 624 2837; x_wconf 82' lang='lat' dir='ltr'><strong><em>c.</em></strong></span> <span class='ocrx_word' id='word_1_289' title='bbox 650 2778 785 2838; x_wconf 68' lang='grc'><strong>511111.</strong></span> <span class='ocrx_word' id='word_1_290' title='bbox 807 2775 928 2837; x_wconf 86' lang='lat' dir='ltr'><strong><em>omniub</em></strong></span> <span class='ocrx_word' id='word_1_291' title='bbox 945 2780 1120 2845; x_wconf 85' lang='lat' dir='ltr'><strong><em>servendum</em></strong></span> 
     </span>
     <span class='ocr_line' id='line_1_32' title="bbox 113 2858 1122 2939; baseline 0.003 -17"><span class='ocrx_word' id='word_1_292' title='bbox 113 2859 252 2923; x_wconf 87' lang='lat' dir='ltr'><strong><em>ordinem</em></strong></span> <span class='ocrx_word' id='word_1_293' title='bbox 273 2860 452 2939; x_wconf 86' lang='lat' dir='ltr'><strong><em>descriptum</em></strong></span> <span class='ocrx_word' id='word_1_294' title='bbox 467 2879 500 2920; x_wconf 81' lang='lat' dir='ltr'><strong><em>rt.</em></strong></span> <span class='ocrx_word' id='word_1_295' title='bbox 516 2861 585 2921; x_wconf 92' lang='grc'><strong>117.</strong></span> <span class='ocrx_word' id='word_1_296' title='bbox 610 2858 755 2939; x_wconf 89' lang='lat' dir='ltr'><strong><em>quidquid</em></strong></span> <span class='ocrx_word' id='word_1_297' title='bbox 775 2858 865 2939; x_wconf 79' lang='lat' dir='ltr'><strong><em>aliqui</em></strong></span> <span class='ocrx_word' id='word_1_298' title='bbox 892 2860 1001 2922; x_wconf 83' lang='lat' dir='ltr'><strong><em>dicant.</em></strong></span> <span class='ocrx_word' id='word_1_299' title='bbox 1024 2864 1122 2925; x_wconf 84' lang='lat' dir='ltr'><strong><em>Potest</em></strong></span> 
     </span>
     <span class='ocr_line' id='line_1_33' title="bbox 112 2942 1122 3023; baseline 0 -17"><span class='ocrx_word' id='word_1_300' title='bbox 112 2953 216 3006; x_wconf 87' lang='lat' dir='ltr'><strong><em>tomen</em></strong></span> <span class='ocrx_word' id='word_1_301' title='bbox 227 2942 292 3004; x_wconf 82' lang='lat' dir='ltr'><strong><em>dcci</em></strong></span> <span class='ocrx_word' id='word_1_302' title='bbox 310 2944 342 3004; x_wconf 90' lang='lat' dir='ltr'><strong><em>iu</em></strong></span> <span class='ocrx_word' id='word_1_303' title='bbox 354 2961 542 3023; x_wconf 86' lang='lat' dir='ltr'><strong><em>quocumque</em></strong></span> <span class='ocrx_word' id='word_1_304' title='bbox 559 2943 642 3017; x_wconf 89' lang='lat' dir='ltr'><strong><em>loeo,</em></strong></span> <span class='ocrx_word' id='word_1_305' title='bbox 662 2945 687 3004; x_wconf 86' lang='lat' dir='ltr'><strong><em>si</em></strong></span> <span class='ocrx_word' id='word_1_306' title='bbox 698 2952 821 3022; x_wconf 74' lang='lat' dir='ltr'><strong><em>peracto</em></strong></span> <span class='ocrx_word' id='word_1_307' title='bbox 830 2943 893 3021; x_wconf 84' lang='lat' dir='ltr'><strong><em>jem</em></strong></span> <span class='ocrx_word' id='word_1_308' title='bbox 911 2944 971 3004; x_wconf 87' lang='lat' dir='ltr'><strong><em>sint</em></strong></span> <span class='ocrx_word' id='word_1_309' title='bbox 982 2945 1122 3006; x_wconf 86' lang='lat' dir='ltr'><strong><em>solemni·</em></strong></span> 
     </span>
     <span class='ocr_line' id='line_1_34' title="bbox 113 3022 1120 3105; baseline 0 -18"><span class='ocrx_word' id='word_1_310' title='bbox 113 3036 191 3089; x_wconf 82' lang='lat' dir='ltr'><strong><em>totee</em></strong></span> <span class='ocrx_word' id='word_1_311' title='bbox 212 3027 245 3087; x_wconf 89' lang='lat' dir='ltr'><strong><em>in</em></strong></span> <span class='ocrx_word' id='word_1_312' title='bbox 262 3027 411 3098; x_wconf 80' lang='lat' dir='ltr'><strong><em>Ecclesia,</em></strong></span> <span class='ocrx_word' id='word_1_313' title='bbox 435 3036 470 3087; x_wconf 90' lang='lat' dir='ltr'><strong><em>ut</em></strong></span> <span class='ocrx_word' id='word_1_314' title='bbox 486 3027 589 3087; x_wconf 88' lang='lat' dir='ltr'><strong><em>dicunt</em></strong></span> <span class='ocrx_word' id='word_1_315' title='bbox 606 3028 697 3105; x_wconf 78' lang='lat' dir='ltr'><strong><em>aliqui</em></strong></span> <span class='ocrx_word' id='word_1_316' title='bbox 712 3027 790 3105; x_wconf 86' lang='lat' dir='ltr'><strong><em>opud</em></strong></span> <span class='ocrx_word' id='word_1_317' title='bbox 810 3026 898 3087; x_wconf 81' lang='lat' dir='ltr'><strong><em>Croic</em></strong></span> <span class='ocrx_word' id='word_1_318' title='bbox 921 3022 942 3086; x_wconf 88' lang='lat' dir='ltr'><strong><em>l.</em></strong></span> <span class='ocrx_word' id='word_1_319' title='bbox 957 3046 983 3091; x_wconf 82' lang='lat' dir='ltr'><strong><em>c.</em></strong></span> <span class='ocrx_word' id='word_1_320' title='bbox 1008 3030 1120 3088; x_wconf 86' lang='lat' dir='ltr'><strong><em>Notou·</em></strong></span> 
     </span>
    </p>
   </div>
   <div class='ocr_carea' id='block_1_4' title="bbox 113 3109 1237 3188">
    <p class='ocr_par' dir='ltr' id='par_1_4' title="bbox 113 3109 1237 3188">
     <span class='ocr_line' id='line_1_35' title="bbox 113 3109 1237 3188; baseline 0.001 -16"><span class='ocrx_word' id='word_1_321' title='bbox 113 3111 189 3172; x_wconf 84' lang='lat' dir='ltr'><strong><em>dum</em></strong></span> <span class='ocrx_word' id='word_1_322' title='bbox 208 3112 239 3172; x_wconf 81' lang='grc'><strong><em>5.</em></strong></span> <span class='ocrx_word' id='word_1_323' title='bbox 260 3128 329 3171; x_wconf 89' lang='lat' dir='ltr'><strong><em>cum</em></strong></span> <span class='ocrx_word' id='word_1_324' title='bbox 348 3111 437 3172; x_wconf 78' lang='lat' dir='ltr'><strong><em>droia</em></strong></span> <span class='ocrx_word' id='word_1_325' title='bbox 453 3129 486 3168; x_wconf 85' lang='lat' dir='ltr'><strong><em>o.</em></strong></span> <span class='ocrx_word' id='word_1_326' title='bbox 504 3111 573 3170; x_wconf 84' lang='grc'><strong>515.</strong></span> <span class='ocrx_word' id='word_1_327' title='bbox 591 3110 671 3188; x_wconf 86' lang='lat' dir='ltr'><strong><em>qudd</em></strong></span> <span class='ocrx_word' id='word_1_328' title='bbox 686 3112 718 3170; x_wconf 88' lang='lat' dir='ltr'><strong><em>in</em></strong></span> <span class='ocrx_word' id='word_1_329' title='bbox 737 3111 890 3170; x_wconf 81' lang='lat' dir='ltr'><strong><em>collatione</em></strong></span> <span class='ocrx_word' id='word_1_330' title='bbox 904 3109 967 3168; x_wconf 83' lang='lat' dir='ltr'><strong><em>tulis</em></strong></span> <span class='ocrx_word' id='word_1_331' title='bbox 982 3109 1118 3188; x_wconf 81' lang='lat' dir='ltr'><strong><em>baptismi</em></strong></span> <span class='ocrx_word' id='word_1_332' title='bbox 1235 3152 1237 3157; x_wconf 65' lang='grc'><strong><em>«</em></strong></span> 
     </span>
    </p>
   </div>
   <div class='ocr_carea' id='block_1_5' title="bbox 111 3191 1120 3694">
    <p class='ocr_par' dir='ltr' id='par_1_5' title="bbox 111 3191 1120 3694">
     <span class='ocr_line' id='line_1_36' title="bbox 113 3191 1119 3292; baseline 0.001 -35"><span class='ocrx_word' id='word_1_333' title='bbox 113 3212 177 3257; x_wconf 88' lang='lat' dir='ltr'><strong><em>nou</em></strong></span> <span class='ocrx_word' id='word_1_334' title='bbox 195 3201 240 3255; x_wconf 82' lang='lat' dir='ltr'><strong><em>est</em></strong></span> <span class='ocrx_word' id='word_1_335' title='bbox 265 3192 469 3292; x_wconf 76' lang='lat' dir='ltr'><strong><em>promittendo</em></strong></span> <span class='ocrx_word' id='word_1_336' title='bbox 488 3193 652 3265; x_wconf 83' lang='lat' dir='ltr'><strong><em>confessio,</em></strong></span> <span class='ocrx_word' id='word_1_337' title='bbox 676 3191 728 3253; x_wconf 88' lang='lat' dir='ltr'><strong><em>sed</em></strong></span> <span class='ocrx_word' id='word_1_338' title='bbox 745 3191 852 3253; x_wconf 86' lang='lat' dir='ltr'><strong><em>sufficit</em></strong></span> <span class='ocrx_word' id='word_1_339' title='bbox 870 3193 1010 3270; x_wconf 78' lang='lat' dir='ltr'><strong><em>praemitti</em></strong></span> <span class='ocrx_word' id='word_1_340' title='bbox 1034 3192 1119 3258; x_wconf 87' lang='lat' dir='ltr'><strong><em>dolor</em></strong></span> 
     </span>
     <span class='ocr_line' id='line_1_37' title="bbox 113 3276 1120 3438; baseline -0.002 -15"><span class='ocrx_word' id='word_1_341' title='bbox 113 3276 445 3436; x_wconf 41' lang='lat' dir='ltr'><strong><em>deibboeflsbuoeritur</em></strong></span> <span class='ocrx_word' id='word_1_342' title='bbox 470 3362 509 3422; x_wconf 91' lang='lat' dir='ltr'><strong><em>lt.</em></strong></span> <span class='ocrx_word' id='word_1_343' title='bbox 536 3360 582 3422; x_wconf 81' lang='lat' dir='ltr'><strong><em>dn</em></strong></span> <span class='ocrx_word' id='word_1_344' title='bbox 606 3357 731 3421; x_wconf 84' lang='lat' dir='ltr'><strong><em>deboont</em></strong></span> <span class='ocrx_word' id='word_1_345' title='bbox 765 3357 939 3436; x_wconf 78' lang='lat' dir='ltr'><strong><em>rebaptizari</em></strong></span> <span class='ocrx_word' id='word_1_346' title='bbox 971 3358 1055 3438; x_wconf 86' lang='lat' dir='ltr'><strong><em>pueri</em></strong></span> <span class='ocrx_word' id='word_1_347' title='bbox 1081 3359 1120 3421; x_wconf 87' lang='lat' dir='ltr'><strong><em>ob</em></strong></span> 
     </span>
     <span class='ocr_line' id='line_1_38' title="bbox 113 3440 1116 3525; baseline -0.001 -21"><span class='ocrx_word' id='word_1_348' title='bbox 113 3443 259 3508; x_wconf 84' lang='lat' dir='ltr'><strong><em>laereticis</em></strong></span> <span class='ocrx_word' id='word_1_349' title='bbox 274 3445 439 3525; x_wconf 74' lang='lat' dir='ltr'><strong><em>baptizoti?</em></strong></span> <span class='ocrx_word' id='word_1_350' title='bbox 453 3446 574 3507; x_wconf 89' lang='lat' dir='ltr'><strong><em>Certum</em></strong></span> <span class='ocrx_word' id='word_1_351' title='bbox 590 3453 635 3505; x_wconf 89' lang='lat' dir='ltr'><strong><em>est</em></strong></span> <span class='ocrx_word' id='word_1_352' title='bbox 652 3442 689 3503; x_wconf 88' lang='lat' dir='ltr'><strong><em>dc</em></strong></span> <span class='ocrx_word' id='word_1_353' title='bbox 701 3443 760 3505; x_wconf 89' lang='lat' dir='ltr'><strong><em>fide</em></strong></span> <span class='ocrx_word' id='word_1_354' title='bbox 771 3460 808 3504; x_wconf 80' lang='lat' dir='ltr'><strong><em>ex</em></strong></span> <span class='ocrx_word' id='word_1_355' title='bbox 824 3440 906 3503; x_wconf 79' lang='lat' dir='ltr'><strong><em>Trid.</em></strong></span> <span class='ocrx_word' id='word_1_356' title='bbox 919 3459 988 3504; x_wconf 81' lang='lat' dir='ltr'><strong><em>cese.</em></strong></span> <span class='ocrx_word' id='word_1_357' title='bbox 1008 3443 1037 3502; x_wconf 88' lang='grc'><strong><em>7.</em></strong></span> <span class='ocrx_word' id='word_1_358' title='bbox 1051 3460 1116 3503; x_wconf 81' lang='lat' dir='ltr'><strong><em>oure.</em></strong></span> 
     </span>
     <span class='ocr_line' id='line_1_39' title="bbox 111 3525 1118 3607; baseline 0.001 -19"><span class='ocrx_word' id='word_1_359' title='bbox 111 3530 145 3588; x_wconf 80' lang='grc'><strong><em>1.</em></strong></span> <span class='ocrx_word' id='word_1_360' title='bbox 168 3528 300 3590; x_wconf 80' lang='lat' dir='ltr'><strong><em>validum</em></strong></span> <span class='ocrx_word' id='word_1_361' title='bbox 324 3547 387 3589; x_wconf 87' lang='lat' dir='ltr'><strong><em>esse</em></strong></span> <span class='ocrx_word' id='word_1_362' title='bbox 404 3529 581 3607; x_wconf 79' lang='lat' dir='ltr'><strong><em>baptismum</em></strong></span> <span class='ocrx_word' id='word_1_363' title='bbox 600 3529 739 3589; x_wconf 83' lang='lat' dir='ltr'><strong><em>collatum</em></strong></span> <span class='ocrx_word' id='word_1_364' title='bbox 760 3527 798 3589; x_wconf 87' lang='lat' dir='ltr'><strong><em>ob</em></strong></span> <span class='ocrx_word' id='word_1_365' title='bbox 822 3525 984 3598; x_wconf 85' lang='lat' dir='ltr'><strong><em>hoeretioie,</em></strong></span> <span class='ocrx_word' id='word_1_366' title='bbox 1001 3526 1118 3604; x_wconf 83' lang='lat' dir='ltr'><strong><em>quando</em></strong></span> 
     </span>
     <span class='ocr_line' id='line_1_40' title="bbox 112 3610 1119 3694; baseline 0.003 -22"><span class='ocrx_word' id='word_1_367' title='bbox 112 3613 214 3678; x_wconf 83' lang='lat' dir='ltr'><strong><em>omnio</em></strong></span> <span class='ocrx_word' id='word_1_368' title='bbox 230 3613 370 3693; x_wconf 85' lang='lat' dir='ltr'><strong><em>requisito</em></strong></span> <span class='ocrx_word' id='word_1_369' title='bbox 383 3611 421 3674; x_wconf 87' lang='lat' dir='ltr'><strong><em>ed</em></strong></span> <span class='ocrx_word' id='word_1_370' title='bbox 436 3622 651 3677; x_wconf 79' lang='lat' dir='ltr'><strong><em>sacromentum</em></strong></span> <span class='ocrx_word' id='word_1_371' title='bbox 663 3611 851 3679; x_wconf 82' lang='lat' dir='ltr'><strong><em>adhibentur.</em></strong></span> <span class='ocrx_word' id='word_1_372' title='bbox 864 3612 921 3674; x_wconf 91' lang='lat' dir='ltr'><strong><em>Sed</em></strong></span> <span class='ocrx_word' id='word_1_373' title='bbox 934 3610 1039 3675; x_wconf 87' lang='lat' dir='ltr'><strong><em>meritb</em></strong></span> <span class='ocrx_word' id='word_1_374' title='bbox 1062 3631 1119 3694; x_wconf 87' lang='lat' dir='ltr'><strong><em>pu·</em></strong></span> 
     </span>
    </p>
   </div>
   <div class='ocr_carea' id='block_1_6' title="bbox 0 0 1306 4198">
    <p class='ocr_par' dir='ltr' id='par_1_6' title="bbox 0 0 1306 4198">
     <span class='ocr_line' id='line_1_41' title="bbox 0 0 1306 4198; baseline 0 3"><span class='ocrx_word' id='word_1_375' title='bbox 0 0 1306 4198; x_wconf 95' lang='lat' dir='ltr'><strong><em> </em></strong></span> 
     </span>
    </p>
   </div>
  </div>
 </body>
</html>
