2562 4166
173 149 230 212 luo
383 145 447 211 tit.
460 148 491 210 5.
505 148 550 210 De
563 145 713 230 promptis
722 138 970 231 particulariter,

210 250 279 312 ull.
290 284 329 321 -,
346 274 359 308 ι
373 251 490 325 eraercs
501 253 532 312 2.
543 250 587 311 Ad
598 250 669 328 quid
679 258 812 311 teneatur
820 249 928 329 judex,
938 248 990 330 qui
1001 245 1175 315 seutentiam

173 356 187 386 u
212 333 349 410 injustum
363 335 453 395 tulit?

216 449 231 479 ι
250 427 336 505 Resp.
352 428 376 485 1.
389 426 421 487 Si
439 425 526 499 dolo,
539 426 586 487 vel
598 426 643 506 (ut
655 425 715 488 dixi
730 426 760 488 d.
776 429 805 486 1.
817 431 875 487 ort.
891 425 935 504 1.)
954 426 1062 505 magud
1082 426 1176 505 impe·

175 531 188 561 ι
211 509 420 583 rotoldum,
434 511 518 573 litem
534 511 602 572 iecit
615 530 718 585 suem,
734 511 765 570 id
783 518 828 571 cst
845 510 987 583 domuum
1002 510 1177 589 pertislaesee
1269 502 1270 513 ’

174 617 188 646 ι
213 593 246 654 iu
263 611 294 654 se
307 594 476 667 transtulit,
498 595 545 654 cui
568 603 685 655 tenetur
701 595 865 657 restituere.
879 596 957 654 Bou.
969 592 1000 654 d.
1016 595 1066 654 to.
1079 612 1133 675 qu.
1145 595 1174 654 2.

174 700 188 730 ι
209 695 244 758 ρ.
256 678 286 737 1.
299 678 375 738 cuS.
392 677 446 740 Th.
458 684 510 739 ete.
528 676 599 739 Vide
616 680 708 758 suprd
726 695 810 738 nuru.
824 679 893 736 195.
933 674 940 681 ’
1269 684 1270 695 ’

216 792 231 822 ι
252 769 338 847 Resp.
349 771 380 829 2.
391 769 422 829 Si
439 769 548 846 alioqui
567 769 674 847 dignus
687 785 740 830 suo
755 785 879 829 munere
894 766 1019 846 (temetsi
1031 768 1062 828 id
1076 775 1176 846 petens

174 879 188 909 ιι
212 850 429 931 impetraverit,
450 854 516 912 eliis
531 853 714 931 dignioribus
735 852 883 932 neglectis)
907 871 960 932 per
981 853 1175 927 oblivionem,
1269 874 1270 933 ς

174 961 188 991 ιι
212 954 248 996 ex
265 935 393 997 humana
409 937 565 1015 fragilitate
577 938 738 1009 erraverit,
757 954 817 996 non
836 936 981 1013 obligetur
994 937 1177 997 inconscien·

174 1044 190 1074 ιι
213 1019 253 1082 tie
274 1020 310 1079 ud
333 1021 551 1081 restitutionem
571 1038 608 1079 er
626 1020 770 1097 propriis,
784 1017 853 1079 mim
869 1020 1009 1096 injurium
1022 1019 1175 1079 formalem

173 1127 188 1157 ιι
213 1120 272 1163 nou
287 1103 439 1177 intulerit,
454 1120 551 1181 neque
561 1102 673 1180 aliquid
685 1102 831 1162 commodi
842 1121 878 1163 ex
890 1102 940 1163 tuli
954 1104 1178 1163 sententieacce·

174 1210 189 1240 ιι
212 1187 310 1266 perit,
329 1187 377 1248 vel
402 1186 500 1264 polide
517 1185 691 1265 (secundum
711 1185 794 1265 ulios)
811 1183 878 1248 esim
900 1186 1017 1263 culpem
1036 1184 1177 1263 theologi-

173 1294 188 1325 ιι
212 1288 275 1331 cum
296 1288 357 1332 nou
376 1271 582 1332 commiserit:
607 1269 696 1330 debet
712 1278 810 1330 temen
828 1284 966 1329 revocure
980 1270 1176 1343 sententium,

174 1377 189 1407 ι
211 1354 235 1414 si
242 1362 337 1433 potest
343 1355 406 1415 sinc
415 1354 496 1433 gravi
506 1352 704 1414 incommodo.
713 1353 819 1431 Lcyor.
832 1344 883 1413 tio.
892 1351 921 1412 5.
931 1359 954 1412 t.
967 1353 1025 1413 dc.
1035 1354 1065 1413 2.
1079 1370 1114 1411 ιι.
1128 1356 1176 1414 11.

211 1447 279 1506 ult.
292 1477 332 1492 -
353 1469 367 1500 ιι
389 1447 507 1519 Quaeres
519 1446 555 1523 45.
579 1444 625 1504 lin
644 1444 789 1504 sententie
807 1442 916 1520 judicis
937 1440 1048 1520 injusto
1066 1443 1177 1525 obliget

174 1550 188 1581 ιι
211 1528 242 1588 iu
254 1528 318 1588 loro
333 1529 538 1588 conscientie?

153 1646 156 1650 ¹
181 1612 185 1625 '
215 1621 333 1699 uRcsp.
346 1621 494 1682 Sententia
514 1618 622 1696 injuste
642 1636 678 1680 ex
698 1620 803 1680 nature
823 1620 884 1693 rel,
903 1627 954 1679 eut
966 1636 1002 1680 ex
1019 1620 1178 1683 omissione

172 1726 186 1757 ιι
209 1703 321 1764 ordinis
333 1703 410 1780 juris
429 1703 603 1782 simpliciter
621 1704 796 1776 necessarii,
816 1702 879 1762 sive
897 1704 1009 1765 feratur
1032 1721 1086 1782 per
1104 1703 1177 1769 sulsd

172 1811 186 1842 ι
210 1787 352 1864 allegata,
373 1795 403 1846 et
426 1787 566 1865 probatu,
586 1786 650 1847 sive
668 1804 705 1846 ex
729 1784 836 1861 judicis
860 1785 1036 1863 iniquitute,
1059 1785 1177 1848 nullum

172 1895 186 1924 ιι
210 1869 297 1930 lubet
314 1869 407 1931 robur
428 1873 459 1930 iu
479 1870 544 1930 loro
566 1871 770 1943 conscientium
796 1878 954 1947 monetque
973 1869 1052 1946 porti
1078 1869 1175 1942 iusae,

171 1978 186 2009 ιι
211 1956 323 2015 tonretsi
338 1972 398 2015 non
412 1954 553 2032 appellet,
565 1953 614 2030 jus
626 1971 730 2024 suum,
740 1953 923 2030 licebitque,
938 1953 962 2012 si
975 1953 1086 2031 ubsque
1098 1972 1180 2015 soen·

171 2061 187 2091 ιι
209 2038 275 2097 delo
294 2038 403 2115 possit,
421 2054 593 2114 recuperare
610 2036 697 2097 bonu.
711 2037 743 2097 S.
768 2034 824 2096 Th.
842 2037 931 2115 Scyr.
944 2038 1058 2095 Bouoc.
1078 2035 1112 2096 d.
1126 2041 1174 2101 10.

171 2143 187 2173 ι
209 2122 280 2199 (1.1.
298 2139 329 2220 p.
346 2122 376 2181 1.
394 2116 489 2181 nott.
504 2116 556 2180 tio.
572 2120 602 2180 8.
615 2138 640 2180 e.
652 2122 682 2179 1.
693 2119 724 2180 d.
735 2119 766 2179 7.
778 2119 864 2179 Retio
879 2127 939 2188 est,
953 2119 1178 2195 quissententie

170 2227 185 2259 ιι
208 2211 327 2264 eotenus
349 2202 458 2281 obliget
478 2203 510 2262 in
532 2203 726 2273 conscientie,
750 2199 895 2279 quotenus
916 2200 1005 2261 hebet
1019 2203 1176 2266 *rationem

170 2310 185 2342 ιι
205 2285 309 2363 judicii
322 2330 331 2359 ‚
343 2284 400 2348 hoc
409 2293 471 2357 cst,
482 2293 516 2345 ut
527 2294 570 2345 est
576 2285 782 2345 determinatio
789 2283 868 2360 juris
883 2292 931 2357 ‚et
944 2284 1078 2347 definitio
1087 2287 1176 2364 iusti.

213 2404 227 2432 ιι
247 2378 333 2451 Dixi,
347 2379 382 2439 ιἰι
397 2376 464 2458 soro
481 2377 683 2440 coorcienu'ae:
697 2379 766 2455 quia
777 2379 809 2439 in
822 2378 886 2436 loro
899 2386 1035 2451 externe,
1048 2378 1102 2440 ubi
1114 2399 1176 2443 non

168 2460 186 2518 ι’
208 2470 268 2522 tum
285 2462 394 2523 veritus
415 2462 502 2534 lecti,
520 2461 608 2540 quim
622 2462 769 2539 ’probatio
787 2459 915 2537 juridico
928 2459 1094 2539 spectetur,
1114 2483 1178 2527 scu·

168 2571 184 2601 ιι
207 2546 296 2606 tentio
314 2546 425 2623 prolate
443 2546 584 2606 serrendo
596 2556 656 2616 est,
668 2545 705 2605 ed
714 2544 849 2605 evitando
860 2544 1009 2617 scandalo,
1023 2555 1054 2606 et
1067 2546 1178 2610 incom-

169 2624 185 2684 ι’
207 2628 314 2700 mode,
331 2644 427 2705 neque
442 2629 540 2706 elepso
560 2629 688 2689 termino
708 2629 799 2707 (intre
816 2646 907 2705 quem
935 2630 1086 2707 appellere
1110 2631 1179 2694 liue-

169 2720 185 2768 ι’
206 2711 267 2788 bet)
278 2711 352 2771 actio
368 2711 597 2784 circumditur,
613 2711 730 2790 legesic
746 2719 909 2783 stutuente,
923 2710 988 2772 tdm
1007 2713 1039 2773 in
1055 2730 1177 2792 poenom

168 2820 182 2852 ιι
205 2794 351 2874 pigritie,
369 2791 434 2853 uim
454 2793 493 2854 ob
515 2794 627 2855 bouum
652 2796 825 2872 publicum,
848 2803 883 2856 ut
903 2795 1004 2858 litium
1026 2797 1068 2857 sit
1092 2797 1173 2860 linis.

166 2876 186 2934 ι’
209 2872 337 2940 Troili.
350 2875 381 2938 8.
391 2893 417 2937 c.
428 2878 459 2938 1.
471 2873 503 2936 d.
516 2878 590 2939 iux
601 2879 689 2957 Suyr.
700 2885 753 2938 etc.

502 3062 507 3071 '
547 3060 786 3144 Uudcresotoco:

208 3275 222 3305 ιι
242 3240 271 3311 1.
283 3250 327 3325 is,
343 3247 426 3328 eujus
438 3245 574 3328 boneper
586 3250 760 3323 sententium
770 3246 1070 3329 manilesttinjustrm
1088 3251 1176 3330 adju·

166 3355 181 3384 ι
203 3333 297 3393 diceto
315 3343 388 3403 sunt,
412 3334 515 3404 elteri,
534 3340 630 3410 potest
653 3333 720 3411 (nisi
750 3334 824 3392 altor
847 3332 927 3409 juste
948 3333 1174 3415 presumpserit)

164 3437 178 3466 ιι
202 3430 256 3505 per
267 3415 411 3558 occultans
430 3416 697 3494 compensationem
714 3432 747 3475 ca
768 3417 920 3495 recipere:
935 3416 1004 3497 quie
1016 3427 1174 3491 recuperat

164 3516 179 3545 ιι
200 3511 249 3568 rus
265 3513 364 3560 suum.
379 3516 390 3557 ι
413 3538 423 3556 .
