2610 4186
256 191 329 273 Cep.
346 193 374 251 fi.
392 193 439 253 De'
455 193 589 261 articulatae
605 203 866 258 coarctarentomm.
883 198 952 261 Dub
966 243 973 257 .
989 199 1018 259 2.
1078 199 1136 261 277

125 291 276 439 ‹elontcubit
308 295 553 402 matrimonium,
579 299 671 357 sciens
697 317 728 358 se
754 299 862 360 babere
888 301 1134 379 impedimentum

149 395 282 437 inmens.

509 479 754 539 DISSERTATIO

147 622 155 639 .
195 586 241 645 De
256 580 357 646 clerico
383 583 585 648 babitaculum
604 587 675 648 uitio
699 588 798 667 turpi,
818 588 949 669 cupienti
967 590 1068 651 statim
1138 650 1141 655 .

506 669 624 731 utiliori
640 671 743 732 sacris.

235 794 241 815 l

164 778 459 924 tib-Quamne,
486 856 574 914 quam
598 837 675 898 insr'a
700 857 866 916 exponam,
892 858 987 920 nuper
1010 843 1131 922 Neapoli

124 922 303 1003 magnopere
331 924 409 982 inter
436 923 580 998 sapientes
606 923 668 998 suit,
698 925 815 1001 agitatu.
846 925 889 983 De
918 925 972 986 bae
1006 927 1068 1004 ipse
1100 930 1132 988 iu

122 1009 201 1069 libro
218 1023 352 1066 mearum
374 1006 597 1065 adnotationum
619 1008 649 1066 in
671 1007 870 1067 Buscmbuum
889 1009 977 1067 nimis
999 1009 1130 1083 concise,

123 1099 155 1152 et
170 1092 253 1170 quasi
268 1090 363 1150 obiter
376 1090 406 1148 in
420 1090 547 1166 quodam
565 1092 628 1149 leco
645 1092 778 1149 tractavi.
792 1092 847 1151 Sed
864 1093 951 1163 inde,
966 1091 1033 1153 edm
1046 1094 1132 1153 sedu-

123 1174 182 1236 lisis
195 1174 459 1234 animadverterem
472 1216 480 1243 ‚
495 1174 580 1233 valde
593 1176 665 1234 utile
676 1194 708 1233 ac
717 1176 910 1234 necessarium
929 1195 1008 1243 esse,
1022 1188 1055 1236 ut
1068 1178 1130 1253 ejus

121 1277 191 1320 vera
208 1258 316 1318 decisio
332 1257 511 1316 consessuriis
530 1257 744 1329 innotesceret,
763 1276 822 1334 quo
843 1260 898 1336 ipsi
915 1260 1051 1319 studeant
1066 1277 1131 1319 eam

122 1343 225 1404 tenere
243 1342 434 1409 sementiam,
455 1359 544 1417 quam
566 1341 644 1402 bono
668 1341 801 1401 Ecclesiae
819 1343 910 1419 magis
924 1342 1065 1419 'expedire
1080 1342 1131 1419 ju·

121 1423 432 1501 dicaveriut3ideircb
455 1427 702 1503 operaepretium
727 1442 788 1484 esse
816 1425 886 1485 duxi
914 1426 1071 1506 diligenter
1096 1445 1130 1487 oc

120 1509 256 1574 scinditis
269 1527 333 1569 rem
352 1509 386 1567 ad
406 1510 550 1567 trutinam
565 1528 714 1570 revocare.

160 1595 289 1669 Quaestio
314 1590 458 1651 nimirum
471 1591 544 1657 bac
566 1601 630 1666 est,
656 1593 757 1654 utrium
778 1594 816 1653 sit
836 1596 967 1672 neganda
984 1595 1128 1659 absolutio

121 1680 228 1743 clerieo
246 1677 398 1737 habituato
419 1677 450 1735 in
475 1680 597 1754 peccatis
627 1681 752 1739 lasciviae
771 1680 907 1750 coactitia,
929 1681 980 1758 qui
1000 1682 1071 1742 velit
1090 1681 1127 1741 ad

118 1782 217 1826 sacros
241 1762 359 1824 ordines
378 1762 532 1822 ascendere
553 1765 616 1822 sine
637 1764 812 1843 praecedenti
836 1765 1037 1841 experimento
1057 1783 1127 1828 con·

51 1885 56 1890 ·
120 1848 276 1912 tinentiae?
343 1851 348 1859 '

159 1931 286 2008 Quidam
309 1928 494 1999 Numeriem,
516 1935 546 1988 et
569 1929 671 1988 doetus
690 1938 792 1988 auctor
816 1929 884 1990 libri
909 1932 1010 1991 Romae
1029 1932 1123 2005 editi,

118 2020 169 2080 oui
190 2016 313 2087 titulus,
329 2013 492 2072 [stramiaco
512 2030 563 2091 per
578 2011 601 2072 li
619 2012 727 2071 novelli
742 2011 900 2090 confessori
907 2059 916 2089 ,
932 2015 968 2072 de
982 2013 1036 2073 hoc
1049 2033 1126 2091 pun.

119 2104 169 2156 cto
183 2109 270 2170 agens
284 2089 380 2167 (Part.
396 2091 427 2148 2.
443 2107 468 2147 c.
480 2089 509 2147 Ξ.
524 2105 556 2147 a.
578 2086 639 2163 65.)
652 2089 693 2147 sie
709 2089 844 2165 scripsitz
862 2090 902 2167 (l)
915 2090 988 2168 Oppi
1002 2108 1062 2148 noas
1082 2093 1126 2151 v'd

122 2176 232 2238 atcuca
244 2176 335 2252 Leppc
353 2171 477 2247 diretta,
499 2173 536 2230 ud
549 2170 670 2247 cliviam,
685 2173 722 2231 ab
738 2191 870 2243 curuato,
885 2171 935 2232 ebe
958 2171 1027 2232 uicti
1048 2172 1126 2232 d’or-

119 2259 237 2323 diuersi
249 2302 257 2329 ‚
267 2256 475 2338 precisamcutc
490 2274 545 2336 per
564 2274 655 2316 essere
675 2253 781 2317 olonae
798 2256 930 2317 ubitucto
943 2252 1022 2315 nella
1041 2253 1127 2318 lucei·

150 2376 212 2436 (illd
219 2376 252 2419 est
260 2391 284 2419 ss
292 2370 364 2416 llodie
374 2369 439 2415 nulla
449 2377 485 2415 est
495 2370 533 2415 lex
545 2370 652 2429 positiva,
662 2371 711 2417 sive
721 2371 809 2426 divina,
824 2370 979 2417 sivehumeua
989 2385 1127 2432 quequem-

118 2444 182 2504 piam
193 2439 223 2485 ob
232 2437 256 2482 id
267 2437 340 2482 solium
351 2435 455 2480 ordinari
469 2443 540 2483 vetet.
551 2437 614 2494 qiibd
624 2436 646 2480 iu
655 2437 712 2481 vitio
722 2438 783 2495 turpi
793 2437 868 2482 aliove
878 2444 975 2495 peceato
984 2438 1076 2483 occulto
1086 2437 1127 2484 ba·

116 2509 223 2554 bitustus
233 2501 319 2554 sit3uisi
328 2514 359 2546 cs
370 2499 495 2546 homicidio
505 2500 639 2546 voluntario
647 2508 688 2545 aut
697 2502 743 2545 alid
752 2502 822 2560 culpi
837 2501 1033 2559 irregularitatem
1045 2505 1126 2548 incur·

115 2574 223 2619 risset...
235 2569 309 2623 Quum
320 2568 375 2612 verb
392 2566 596 2624 coutinentialepe
613 2566 784 2621 ecclesiastica,
802 2571 843 2612 sut
861 2575 915 2612 voto
926 2567 1036 2626 implicito
1052 2571 1125 2615 sacris

117 2636 241 2686 ordinibus
248 2646 338 2679 annexa
348 2633 377 2676 sit
388 2631 500 2685 ,dubium
512 2632 568 2676 orlei
581 2628 666 2690 potesi.
679 2633 758 2676 utlbm
769 2632 844 2690 legem
855 2634 986 2679 naturalem
998 2649 1041 2679 non
1052 2634 1124 2680 olicis.

115 2698 325 2750 detondiuaudus,
346 2697 386 2756 qui
399 2729 405 2749 ‚
416 2704 497 2741 eontra
509 2697 626 2741 dictamen
635 2711 694 2741 verae
706 2698 852 2756 prudentiae,
862 2713 921 2744 onus
936 2713 1054 2747 assumere
1066 2704 1124 2748 velit

115 2768 157 2815 cui
171 2763 269 2812 ferendo
278 2764 353 2821 impar
362 2761 509 2821 perhibetur.
520 2768 566 2806 etc.
579 2761 648 2806 Nobis
659 2761 754 2820 quidem
771 2763 882 2816 videtur.
902 2767 992 2809 attentat
1009 2766 1057 2813 soll
1072 2768 1124 2825 lege

115 2828 217 2879 naturali
226 2862 236 2883 ,
245 2828 283 2873 bie
293 2826 441 2872 distinctione
450 2840 507 2883 opas
518 2841 576 2872 esse.
588 2826 610 2870 Si
623 2826 683 2871 euim
692 2827 834 2873 ordinandus
844 2829 937 2875 sineere
948 2837 972 2875 et
989 2844 1066 2876 eoram
1079 2832 1124 2877 lJeo

114 2895 201 2942 eredat
218 2893 316 2938 secante
335 2891 416 2936 virere
426 2903 492 2948 posse
504 2923 510 2942 ‚
523 2904 655 2950 pravosque
676 2892 768 2938 habitus
788 2894 882 2939 vincere
899 2902 924 2939 et
945 2893 1022 2938 omnia
1039 2895 1124 2954 exequi

75 2948 81 3007 f
113 2968 218 3021 quaetsm
231 2956 327 3017 proprio
335 2959 404 3014 quarn
415 2955 510 3001 disereti
522 2957 656 3003 confessarii
666 2956 754 3014 judicio
763 2958 791 3002 sd
799 2959 984 3004 emendationem
993 2960 1124 3004 necessaria

112 3035 186 3085 atque
194 3031 327 3083 opportuna
336 3018 495 3070 videbuntur.
509 3024 586 3066 noatrd
595 3022 711 3067 sententie
719 3022 748 3067 ad
759 3023 851 3068 ordines
862 3022 994 3081 promoveri
1005 3023 1069 3066 valet
1080 3035 1123 3067 nco

113 3091 146 3137 ab
157 3089 192 3134 bis
201 3085 341 3146 recipiendis
353 3084 515 3130 scentessarto
527 3087 602 3131 areeri
613 3093 726 3145 potest...
739 3087 849 3130 Addimus
857 3101 910 3131 eum
921 3116 928 3139 ,
941 3087 958 3129 si
970 3088 1121 3143 ceteroquin,

112 3162 142 3200 ut
161 3154 323 3213 supponimus.
336 3160 482 3195 sacramento
493 3151 631 3209 poeniteutiae
641 3151 748 3207 indiguus
761 3163 806 3194 non
818 3149 848 3194 sit
858 3181 865 3203 ,
875 3163 919 3194 uec
929 3155 1072 3193 sacramento
1083 3162 1124 3195 ot·-

113 3217 191 3269 slirsis,
208 3217 291 3261 stricte
310 3214 444 3274 loquendo,
465 3217 584 3272 iudignum
596 3215 641 3259 dici
663 3227 730 3272 posse
741 3247 747 3264 ‚
760 3215 829 3265 calm,
846 3220 874 3257 ut
891 3212 961 3268 digiae
983 3213 1121 3271 recipiatur,

112 3295 160 3328 non
181 3281 289 3339 requirat
305 3280 350 3324 nisi
370 3288 455 3325 statum
474 3280 568 3338 gratie,
581 3278 705 3324 oecalieei
728 3291 771 3336 per
789 3289 814 3322 se
834 3276 947 3336 peccandi
967 3276 997 3320 sit
1016 3279 1121 3331 occasio,

112 3345 156 3392 ssd
171 3359 254 3391 novam
265 3352 290 3390 et
310 3345 436 3403 specialem
457 3344 537 3389 animae
551 3343 658 3389 eculei-at
673 3341 819 3399 pestium.....
829 3340 871 3385 sed
889 3347 914 3385 et
930 3339 1122 3397 dictaminum,

112 3412 156 3473 qui
173 3423 252 3455 sacrus
268 3409 363 3456 ordines
378 3408 487 3469 recipere
505 3410 588 3469 eupit.
604 3422 649 3454 non
660 3408 778 3460 credens.
793 3413 821 3452 ut
841 3406 928 3451 dietum
944 3413 993 3457 est,
1014 3406 1121 3454 obstante

110 3490 187 3537 pravo
204 3474 301 3527 babitu.
320 3488 346 3519 ss
365 3473 531 3520 continentiam
552 3481 715 3524 servaturum,
736 3485 781 3517 uon
798 3485 866 3532 posse
883 3472 1033 3530 promoveri;
1053 3473 1121 3532 sique

110 3544 125 3587 b
136 3546 213 3586 mente
227 3552 272 3583 uon
282 3537 380 3587 desistat
390 3570 397 3595 ,
409 3539 433 3584 ei
449 3545 567 3599 tamquam
584 3538 680 3599 indiguo
689 3545 713 3584 et
723 3536 861 3598 indisposite
871 3536 1038 3584 absolutionem
1048 3537 1121 3593 deue-

114 3605 215 3665 pandsm
230 3616 314 3649 esse.»
684 3628 687 3632 ,
832 3656 834 3661 Ι
914 3601 983 3648 edre.

156 3671 240 3734 Tuus.
263 3669 299 3733 V.
929 3669 968 3729 24
