2562 4166
160 199 199 260 80
361 199 428 263 ddi.
439 204 467 261 5.
483 204 528 261 De
540 200 694 280 preceptio
706 198 947 281 particularibus.

159 310 188 360 et
201 309 299 402 posttea
327 318 387 363 non
403 301 470 362 dett
494 301 582 381 opert
596 300 774 373 distrootus,
787 302 835 363 vel
851 321 920 365 non
932 305 1117 386 interruptos
1136 317 1168 370 te

158 387 289 447 invenias
309 387 340 446 in
363 387 424 447 fine
442 385 523 447 horae
536 386 705 464 ,legondm
722 388 767 447 vol
779 387 951 449 memoriter
962 394 1113 456 recitando
1131 413 1167 453 eo

159 472 188 530 in
212 471 320 549 quibus
335 470 485 532 ordinarie
501 489 562 533 nou
579 472 655 532 soles
672 489 791 548 errore,
808 481 839 531 et
863 471 920 532 hoo
940 473 1050 537 losum
1055 475 1166 540 habere

157 556 259 614 dicunt
281 553 384 616 Gobot
401 563 429 616 et
446 556 547 617 Tomi.
565 552 647 637 opud
665 557 754 616 Ctoia
768 575 851 616 ιιιιιιι.
868 559 956 617 5555.
974 560 1087 621 etiamsi
1110 562 1167 622 ha·

158 639 225 701 beas
246 640 392 699 rationem
426 638 609 717 prohabilem
636 640 826 709 omissionis,
855 642 923 717 quia
950 647 1164 723 presumptio,

158 721 236 800 qnod
257 724 348 783 solens
347 723 500 823 perficere
518 723 618 800 quod
609 724 775 801 tneoepisti,
795 722 885 785 efficit
898 734 931 784 ut
949 724 1024 786 nihil
1037 731 1166 790 tenearis

157 817 311 885 repetere,
323 809 379 868 nisi
395 810 434 868 sis
453 809 604 870 moraliter
619 819 717 870 certos
733 808 816 886 qudd
833 827 894 870 non
911 810 1030 871 dixeris.
1042 815 1072 873 Si
1090 815 1164 876 vero

157 891 272 951 dubites
285 911 323 951 en
345 902 437 952 totum
451 891 556 954 horem
574 893 699 962 dixeris,
713 895 760 952 vel
771 912 849 963 nou,
867 894 1165 960 censentmtmutct.

157 994 188 1036 tt.
203 979 232 1036 7.
254 976 287 1035 ιἰι
300 975 375 1036 med.
390 975 470 1054 qood
489 978 513 1036 si
526 975 630 1054 sepitis
647 978 696 1037 tali
720 977 812 1037 dubio
832 977 967 1051 labores,
984 983 1166 1043 uortendris

157 1072 309 1140 repetere,
327 1064 396 1140 quia
419 1071 489 1122 tuno
506 1061 589 1122 iooild
608 1063 798 1138 praesumitur
816 1064 874 1122 tale
897 1063 1024 1123 dubium
1049 1069 1123 1126 oriri
1148 1067 1167 1128 5

156 1147 321 1224 orrupttiis3
337 1143 438 1217 socias,
454 1147 477 1205 si
492 1145 572 1206 rard.
584 1144 728 1205 Ceterum
748 1145 874 1206 heudait
890 1145 1022 1208 Croied.
1030 1168 1063 1210 ιι.
1075 1153 1165 1211 5555.

155 1249 221 1290 rotat
242 1234 321 1301 Noe
336 1233 391 1302 As.
405 1233 496 1291 Suet·
508 1233 586 1290 Boo.
602 1237 653 1290 eto.
676 1228 757 1306 quod
781 1231 806 1289 st
824 1231 986 1292 ordinarie
983 1250 1052 1295 non
1072 1238 1166 1296 soleas

156 1313 253 1375 diceto
269 1314 372 1374 horam
387 1315 579 1412 posteriorem
591 1313 648 1373 nisi
663 1321 728 1391 post
748 1315 898 1392 priorem,
910 1316 1072 1393 prudenter
1080 1331 1167 1439 potes

155 1399 274 1460 credere
292 1409 322 1458 te
336 1398 410 1458 nihil
425 1398 556 1457 omisisse
568 1395 622 1476 (5).

194 1484 312 1542 45¹.-
329 1485 441 1559 ιι.5ιιι[ι
456 1483 487 1541 5.
503 1484 594 1541 Tanta
610 1489 654 1542 ast
674 1481 831 1561 obligatio,
849 1492 884 1544 ut
900 1483 1021 1545 induoat
1040 1489 1070 1548 ei
1089 1506 1167 1550 onus

156 1592 170 1621 ι
192 1568 388 1628 restitutionis
405 1567 574 1636 fruetuum,
593 1584 648 1644 pro
673 1575 736 1627 rota
750 1567 916 1628 omissionis
935 1569 1042 1643 offioii,
1055 1573 1169 1648 quiti-

155 1678 169 1706 tt
193 1654 257 1713 tulo
282 1651 416 1714 beneficii
434 1650 471 1709 ad
494 1649 581 1710 horas
601 1659 736 1724 tenetur,
755 1651 780 1710 si
805 1651 910 1729 elapsis
934 1668 985 1712 sex
1013 1656 1167 1718 mensibus

47 1804 62 1821 ,Α
155 1761 170 1792 ι
193 1746 260 1815 post
282 1736 417 1813 adeptam
437 1735 649 1813 possessionem
663 1736 700 1813 (is
715 1736 818 1807 enim,
840 1736 895 1795 etei
920 1738 1049 1813 graviter
1065 1752 1167 1816 peeeet

154 1848 168 1876 ιι
194 1821 376 1892 omittendo,
396 1837 457 1879 non
478 1827 577 1880 tomen
599 1829 717 1883 tenetur
738 1819 775 1879 ed
794 1820 1024 1897 restitutionem)
1038 1823 1172 1902 culpabi-

154 1933 169 1963 »
192 1907 260 1968 liter
282 1906 411 1968 offitium
432 1923 492 1965 non
511 1904 688 1981 recitaverit.
701 1906 786 1964 Patet
801 1922 837 1979 er
847 1905 953 1964 senoil.
977 1907 1165 1969 Lateranensi

156 2016 169 2045 ι
192 1993 247 2052 suh
258 1993 349 2053 Leone
364 1993 406 2053 X.
416 1990 473 2049 Sed
492 1990 561 2065 quio
581 1988 705 2049 dubium
717 1989 791 2061 tuit,
807 1986 911 2049 utrdm
931 1988 988 2049 hoo
1004 1991 1166 2052 eonsilium

154 2103 168 2132 ιι
192 2088 266 2139 esset
292 2086 468 2155 receptum,
490 2073 568 2136 Pt'tto
584 2076 618 2135 V.
644 2073 758 2134 buttem
780 2073 893 2146 edidit,
918 2093 986 2152 quoe
1012 2085 1056 2135 est
1084 2078 1166 2154 apud

154 2189 168 2217 a
188 2164 304 2223 Novar.
316 2181 341 2223 e.
357 2163 406 2223 55.
425 2161 482 2239 qud
497 2158 553 2219 hoo
569 2159 720 2218 deoretum
740 2158 913 2230 confirmat,
930 2160 1164 2235 aododaratsio,

153 2273 168 2302 ι
191 2257 225 2309 ut
239 2248 290 2326 qni
305 2265 367 2306 uno
386 2246 436 2307 die
444 2255 541 2304 totum
557 2242 687 2303 officium
699 2243 852 2314 omiserit,
865 2244 1168 2315 teneotnrrestituere

153 2355 167 2386 ι
191 2351 294 2395 omnes
317 2332 429 2391 fruetus
446 2329 491 2391 ilii
511 2328 570 2389 diei
586 2326 815 2410 respondentes:
830 2345 860 2385 r.
871 2346 914 2406 g„
927 2328 1096 2408 qni-aecipit
1109 2349 1167 2392 ana·

154 2442 168 2470 ιι
192 2417 250 2479 nod
265 2420 323 2478 tot
343 2417 488 2488 florenos,
510 2422 648 2475 tenentur
672 2429 728 2490 pro
745 2432 806 2474 uno
820 2412 869 2472 die
888 2414 1045 2473 restituere
1067 2432 1165 2478 unum

155 2526 167 2555 t
190 2501 336 2561 florenum
351 2523 360 2575 ς
375 2500 536 2577 quitatem
550 2497 872 2558 omiseritdietutinum
888 2495 1164 2572 tantummodum

154 2611 169 2640 tt
192 2595 306 2664 partem
324 2586 475 2647 fruetuum
500 2584 590 2642 unius
609 2582 698 2657 *diei3
718 2583 769 2660 qui
792 2584 920 2661 reliquos
942 2581 1050 2655 horas,
1074 2586 1166 2657 etism

153 2698 166 2726 ι
191 2670 319 2731 medinm
336 2678 472 2747 partem:
489 2668 540 2745 qui
553 2665 624 2727 vero
644 2685 734 2726 unam
750 2685 786 2726 ex
806 2668 882 2739 illis,
898 2675 1009 2727 sextam
1021 2679 1164 2746 pertema

153 2772 282 2831 »eoque
301 2751 449 2813 restitutio
470 2750 600 2812 iacienda
618 2759 662 2810 est
679 2751 731 2809 rel
748 2750 882 2823 fabrine,
899 2752 946 2810 vel
966 2753 1164 2830 pauperibuss

152 2840 297 2917 »tepet
308 2832 379 2898 riti.
390 2838 503 2897 Bottoe.
517 2834 590 2896 att.
609 2851 638 2913 q
656 2836 727 2914 dp
741 2836 773 2894 5
791 2842 846 2895 ete.
859 2832 1050 2896 oontrodelo
1064 2838 1162 2912 Creta,

151 2931 218 2984 aet
235 2925 348 3003 Lopez,
364 2919 463 3002 optol
459 2919 555 2980 Dion.
570 2939 603 2999 p.
626 2922 655 2981 5
676 2921 762 2979 555.
777 2936 833 2979 ιιι.
854 2923 902 2980 55.
919 2921 972 2997 qui
995 2919 1117 2992 dieunt,
1136 2925 1164 2984 si

151 3033 164 3062 ιι
187 3007 377 3079 beneficiatus
399 3005 477 3065 intra
492 3022 604 3064 annom
616 3006 699 3082 per8
718 3005 764 3064 vel
785 3006 823 3062 to
836 3003 898 3063 dies
908 3001 1163 3078 tantitmomittat,

150 3111 250 3154 »non
265 3090 360 3151 teneri
381 3089 422 3165 ad
439 3089 675 3160 resitutionem,
699 3085 829 3164 eoquod
844 3088 883 3146 sit
899 3105 1001 3146 servus
1016 3087 1164 3148 liberalis-

152 3174 408 3245 ·simiDomini,
425 3190 478 3249 qur
469 3171 585 3232 molto
604 3168 722 3244 minus,
745 3170 834 3248 quam
845 3172 957 3231 dommi
967 3171 1160 3251 temporales,

151 3282 172 3311 ι
187 3259 225 3320 ud
238 3277 330 3346 pauso
341 3256 482 3328 attendet.
491 3280 507 3311 ιι
521 3253 611 3333 (Vide
626 3252 736 3315 dictol.
755 3257 784 3315 4.
796 3272 828 3314 ιι.
841 3254 924 3332 tot.)
1012 3282 1016 3289 ·

531 3368 613 3436 Unde
626 3366 770 3463 resolvet:
850 3372 852 3375 ’

192 3496 205 3525 a
225 3473 255 3529 t.
267 3452 371 3530 Clerici
388 3470 536 3548 majorum
550 3471 707 3547 ordinum,
725 3474 779 3551 qui
799 3472 862 3535 'solo
880 3473 968 3538 titulo
981 3473 1114 3545 ordinis,
1131 3483 1170 3541 et

178 3588 220 3646 (t)
224 3587 395 3635 Conieanotam
404 3589 459 3639 adl.
470 3578 495 3639 5.
505 3603 528 3636 ιι.
532 3589 565 3638 59
581 3591 688 3651 potitam
810 3643 816 3648 ,
838 3620 859 3630 ι’
935 3618 940 3627 1
1035 3595 1101 3643 Edit.
