2610 4186
165 183 227 247 290
299 181 365 261 tit.
377 161 410 244 o.'
425 185 522 247 Tenet.
537 184 566 241 l.
580 184 625 245 De
640 183 831 245 sacramentis
849 183 1006 264 inponere.

162 302 187 345 e.
199 286 229 345 d.
242 283 293 345 ubi
306 283 347 345 ait
362 301 370 343 c
388 281 449 360 Qui
463 268 577 352 sentes}
600 278 685 343 nodio
699 280 808 343 dicineo
820 283 982 343 vocationis
1001 280 1104 345 habitet
1123 305 1172 349 ro-

163 367 304 446 tione,in
321 364 515 462 mcerdotiucn
533 382 563 462 ae
582 364 762 463 intruderet,
785 363 868 427 hond
888 364 974 427 tutte
992 368 1120 463 seipsum
1140 370 1172 431 in

162 460 298 534 opertum
325 449 431 513 solutio
462 448 619 511 descrimen
649 457 798 530 respiceret,
825 449 970 531 peccormo
996 447 1106 513 scilieet
1139 453 1171 515 in

160 536 307 616 Spiritum
322 542 478 607 cerretum
492 530 570 612 quod
579 530 695 613 qceident
706 541 856 611 peceatum
870 532 942 611 oin,
958 540 1012 593 out
1021 535 1171 598 ronssimi
1221 550 1225 560 ¹
1289 540 1290 547 ’

161 618 273 681 dimitti
287 637 324 679 eo
337 613 484 698 econpelio
501 613 650 677 ‹iiseienns
668 615 806 676 Attamen
822 615 913 684 vero,
935 624 969 675 ut
994 634 1171 696 promoven·

161 701 340 780 ooslculpo
365 708 537 769 excusetur,
552 697 659 759 suffieit
678 698 754 776 ipsi,
776 699 855 777 quiid
869 700 980 759 bonum
1005 704 1172 778 prmseserat

161 785 251 848 linem
264 830 272 859 ‚
284 795 314 846 et
327 786 467 864 Episcopo
490 800 521 845 se
540 781 664 853 offeret,
685 789 719 842 ut
737 783 900 859 probetur,
924 783 1087 845 dummodd
1111 807 1169 848 non

161 870 240 933 certi
259 872 330 931 sciat
356 886 386 929 se
406 884 558 945 nunquam
582 866 670 926 luisse
685 864 702 925 i
718 866 779 927 Deo
806 876 953 926 vocatum.
973 869 1123 933 leoninus
1139 874 1170 933 in

161 957 210 1018 eit.
224 952 298 1017 libro
319 953 353 1015 de
375 970 502 1015 sacrem.
516 949 587 1013 diss.
610 952 640 1013 8.
663 967 714 1030 qu.
733 952 762 1034 7„
779 969 804 1012 e.
820 953 849 1010 E.
868 960 1022 1029 postquam
1036 956 1171 1030 probavit

161 1041 360 1101 necessitatem
377 1037 485 1099 divinoe
507 1034 688 1106 vocationis,
706 1035 822 1113 inquit:
836 1034 916 1095 Licet
927 1051 1042 1114 qnoque
1061 1034 1170 1100 clericis

161 1122 264 1204 oriem
280 1140 310 1185 se
325 1120 491 1203 Episcopo,
508 1136 566 1200 quo
583 1116 760 1198 probentur,
778 1136 820 1177 on
839 1115 961 1178 debeone
980 1116 1021 1178 ud
1043 1121 1170 1182 mo'ores

160 1205 276 1268 ordines
292 1206 469 1287 promovtci.
483 1202 618 1273 Etenim,
630 1209 664 1261 ut
678 1200 780 1260 addite
798 1200 858 1276 Qui
872 1200 1006 1261 enomini
1014 1218 1044 1263 se
1063 1220 1080 1262 o
1105 1214 1168 1278 ert,

162 1310 204 1352 on
223 1291 263 1353 od
284 1288 410 1370 crcojores
434 1286 550 1349 ordines
573 1283 784 1366 promovendus
804 1286 865 1358 sit,
887 1304 948 1345 non
968 1284 1003 1346 olr
1019 1284 1053 1346 id
1069 1304 1170 1349 eornm

161 1375 283 1456 elmuino
295 1391 325 1441 ee
337 1371 472 1455 judicum
496 1389 530 1429 ne
548 1367 672 1448 proinde
692 1387 752 1428 icon
776 1375 819 1429 est
838 1386 905 1429 reus
920 1371 1168 1451 presumptionis.

161 1456 256 1519 Tentd
278 1455 369 1535 magis
381 1456 471 1532 igitur
483 1453 672 1513 confessarius
684 1470 744 1513 non
758 1451 866 1530 poterit
881 1451 1049 1528 hujusmodi
1064 1455 1168 1516 elerico

160 1542 271 1603 colenti
286 1539 422 1600 ordinem
439 1537 585 1615 suscipere
607 1535 821 1597 absolutionem
840 1534 985 1613 denegare
1007 1546 1072 1612 post
1088 1557 1168 1598 acce-

161 1637 242 1707 ptam
260 1624 324 1701 ejus
347 1623 575 1692 consessionem,
604 1621 662 1681 nisi
684 1628 781 1681 certus
804 1621 862 1693 sit,
882 1622 962 1701 quod
989 1622 1033 1681 illi
1053 1624 1168 1686 deliciet

160 1712 260 1773 divina
278 1707 402 1770 vocatio.
424 1704 481 1766 Sed
497 1705 646 1783 quomodo
668 1704 700 1765 in
715 1714 815 1766 nostro
833 1724 899 1765 casu
921 1705 997 1764 hone
1015 1709 1169 1769 certitudi-

159 1813 230 1857 nem
248 1790 438 1859 confessarius
453 1787 563 1849 habire
583 1789 716 1867 poterit?
732 1789 843 1849 Vitiosa
872 1789 930 1848 vito
950 1790 1096 1867 peractei
1115 1811 1167 1854 suo

159 1877 320 1959 poenitente
340 1891 400 1933 non
420 1872 534 1951 prabet
564 1872 685 1951 quidem
713 1873 770 1951 ipsi
789 1874 1016 1943 certitudinem,
1039 1873 1120 1953 quid
1142 1877 1166 1936 is

159 1979 222 2023 nun
244 1978 312 2021 uam
337 1957 426 2019 luerit
448 1955 466 2017 i
486 1957 548 2019 Deo
575 1965 705 2017 vomens.
731 1958 791 2017 Cur
814 1974 875 2017 non
900 1955 1030 2016 accidere
1047 1960 1164 2034 potuit,

159 1981 244 2129 quod
256 2041 398 2104 Dominus
414 2058 484 2103 eum
507 2038 666 2118 aliquando
685 2039 901 2110 verdecensis,
920 2049 950 2098 et
970 2040 1031 2116 lpse
1050 2042 1167 2103 auxiliis

158 2128 295 2188 resistens
308 2124 370 2268 {em
388 2124 496 2202 peratis
515 2122 592 2185 malie
610 2121 969 2203 conespoodeneetonas
986 2124 1088 2201 procul
1110 2125 1167 2185 du·

159 2211 210 2271 lno
231 2210 288 2270 iuit
348 2207 463 2269 Christo
482 2208 610 2268 Domine
633 2215 752 2267 vocatus
778 2205 815 2266 ed
837 2207 1048 2285 apostolatum,
1065 2216 1095 2268 et
1116 2209 1166 2269 ille

158 2293 247 2372 quim
266 2291 342 2353 male
360 2291 398 2351 ed
413 2310 482 2351 eom
499 2308 530 2350 se
550 2291 716 2368 disposuit?
732 2292 792 2351 Cur
805 2290 894 2350 ctiam
907 2291 1019 2352 censdri
1038 2310 1099 2352 non
1111 2312 1167 2370 po·

158 2379 228 2443 terit
240 2421 249 2450 ‚
263 2375 343 2454 quid
362 2375 412 2437 illa
430 2374 661 2439 extraordinaria
673 2375 825 2436 conversio
838 2418 846 2446 ‚
858 2392 946 2453 quam
959 2376 1163 2454 supponimus,

157 2462 196 2522 sit
214 2460 328 2520 vocatio
347 2458 464 2529 divina,
486 2458 544 2535 qui
564 2458 710 2535 poenitens
727 2458 830 2518 eodem
855 2466 988 2535 tempore
1003 2459 1042 2518 sit
1065 2457 1082 2518 i
1103 2461 1164 2518 Deo

158 2543 305 2605 donatus?
322 2541 411 2603 Forte
431 2544 509 2603 Deus
528 2561 589 2603 non
607 2548 692 2602 voert
717 2542 755 2602 ed
777 2542 972 2602 sacerdotium
988 2542 1078 2602 etiam
1097 2561 1163 2621 pec-

158 2635 267 2689 catores
286 2626 580 2704 poenitentesettnde
603 2626 790 2687 concluditur
805 2625 886 2705 quod
908 2627 940 2686 in
962 2645 1028 2702 casu
1050 2637 1163 2699 nostro,

156 2709 306 2788 supposito
324 2727 391 2768 cum
410 2710 636 2773 circumstantiis
659 2717 693 2770 ut
718 2709 806 2788 supra
825 2711 995 2788 descriptis,
1021 2712 1165 2771 consessa-

157 2794 220 2854 rius
245 2810 280 2852 ex
306 2791 363 2853 hoe
384 2792 478 2871 cupite
505 2792 677 2854 deficientias
708 2793 868 2854 vocationis
891 2795 993 2871 nequit
1019 2792 1164 2871 denegare

156 2876 370 2937 absolutionem
385 2893 438 2937 suo
453 2878 627 2952 poenitenti,
645 2877 696 2956 qui
715 2877 752 2937 ed
775 2877 857 2941 illam
878 2895 932 2956 per
951 2876 1163 2939 consessionem

157 2959 278 3049 adeptus
296 2969 338 3019 cst
348 2958 397 3034 jus
415 2960 551 3019 strictum
563 2961 780 3040 strigorosum.

193 3045 279 3106 Dices
298 3045 337 3103 ll.
352 3044 382 3105 Si
395 3042 519 3103 Ecclesia
540 3053 729 3121 agnosceret,
746 3043 826 3125 quod
848 3044 970 3105 clericus
988 3053 1164 3124 usquecunc

156 3127 198 3191 sie
216 3125 365 3187 luxuriosi
385 3126 521 3195 vixisset,
548 3128 630 3187 nullo
647 3128 735 3189 modo
759 3129 883 3188 eumad
913 3128 1031 3187 ordines
1054 3127 1165 3188 admit-

156 3218 243 3271 teret.
257 3210 314 3271 Sed
333 3208 547 3288 respondetur,
576 3210 657 3289 quiid
684 3213 709 3272 si
730 3212 855 3275 Ecclesia
882 3219 1052 3289 agnosceret
1071 3211 1162 3271 simul

154 3312 238 3354 suam
251 3296 499 3372 resipiscentiam,
515 3302 545 3354 et
563 3293 768 3357 vehementem
793 3298 1048 3374 compunctionem
1066 3294 1083 3355 a
1100 3297 1163 3354 Deo

155 3374 313 3451 donatam,
330 3377 418 3439 modo
437 3396 496 3463 quo
513 3396 578 3438 eam
597 3379 794 3451 asseruimus,
809 3379 894 3440 illum
915 3397 976 3447 non
993 3378 1160 3456 repelleret.

111 3511 114 3518 .
193 3460 245 3517 m.
266 3462 405 3520 -Diees
430 3462 484 3523 111.
512 3459 687 3539 llujusmodi
707 3463 829 3523 clericus
859 3462 983 3523 insitio
1004 3463 1086 3541 turpi
1109 3462 1162 3521 diu

155 3547 303 3615 versaliis,
318 3541 420 3603 volens
430 3541 670 3605 subdiaconatum
679 3564 826 3609 assumere
837 3589 846 3619 ,
859 3547 1018 3627 exponitur
1029 3546 1162 3624 periculo
