2620 4176
304 276 377 355 Cop.
388 275 417 333 1.
431 275 476 334 De
492 273 627 334 osinietro
639 273 898 335 sacramentorum.
910 271 989 334 liud.
999 275 1029 333 2.
1109 274 1163 334 aot

165 372 246 434 unde
263 372 348 450 juxta
372 371 512 449 injuriam
534 392 600 452 quaa
622 374 757 453 proximo
780 375 947 450 irrogatur,
971 372 1057 433 dehet
1081 373 1167 450 culpa

164 458 342 518 mensurari.
362 459 437 519 Hine
453 457 504 530 lit,
521 456 601 535 qudd
614 459 745 520 occultus
765 465 898 535 peccator
911 455 1085 533 praedicans,
1099 453 1166 516 crim

164 542 282 601 nullum
300 541 442 601 damnum
463 542 573 619 irroget
592 541 748 620 proximo,
777 539 837 601 imd
859 541 1018 600 utilitatem
1040 537 1166 610 alferat,

165 624 233 686 idcd
246 642 306 684 non
324 633 368 684 est
384 642 437 683 cur
448 622 485 684 de
503 625 620 687 mortali
637 625 804 684 damnetur.
818 625 886 683 Dixi
899 622 934 683 de
947 619 1085 694 mortali,
1097 638 1167 680 nam

165 708 365 767 communiter
383 726 443 767 non
461 717 599 768 excusant
612 709 675 766 DD.
693 706 709 767 d
725 706 853 779 veniali,
868 706 906 766 ob
924 706 1079 783 aliqualem
1094 705 1167 764 irro-

164 790 344 862 verendam,
360 809 425 867 quae
436 790 469 850 lit
482 791 572 851 verbo
585 790 697 853 divino.
711 791 785 850 llinc
799 808 868 849 usus
880 788 985 862 habet,
999 786 1079 869 qudd
1092 806 1168 867 prra-

165 873 277 935 dicator
296 883 364 936 ante
384 879 553 936 concionem
573 882 673 952 petere
692 875 782 934 soleat
798 872 1032 935 benedictionem
1050 870 1087 931 ab
1099 870 1168 949 Epi·

165 974 270 1035 scopo,
284 957 383 1017 dicens
396 978 403 1015 :
420 957 539 1027 Mundo
552 976 601 1017 cor
617 974 714 1022 meum
727 1002 735 1030 ,
748 966 800 1019 etr.

204 1041 424 1101 ll.-1)icuns
439 1040 509 1101 verd
522 1043 612 1102 Suor.
624 1042 685 1101 Sot.
699 1049 727 1099 et
738 1042 831 1101 Dion.
847 1038 879 1100 il.
900 1060 939 1102 cc.
961 1058 1021 1100 non
1037 1038 1167 1099 excusari

164 1122 182 1183 d
196 1123 312 1183 mortali
328 1125 569 1201 praedicatorem,
587 1125 634 1190 cui
649 1143 684 1183 ex
700 1124 794 1184 officio
813 1125 963 1184 incumbat
981 1123 1166 1193 concionari,

164 1206 189 1265 si
207 1206 343 1283 praedicet
361 1208 486 1268 existens
506 1208 641 1286 publicus
660 1218 811 1286 peccator,
828 1209 896 1286 quia
913 1217 983 1267 tunc
994 1205 1167 1266 scandalum

164 1289 276 1366 prabet
288 1291 468 1368 impediique
478 1291 568 1350 finem
584 1290 735 1351 doctrinae.
750 1294 784 1351 Et
801 1291 1037 1371 huiosententiae
1050 1287 1168 1349 videtur

164 1372 263 1450 posted
279 1391 310 1432 so
328 1375 524 1435 conformasse
543 1378 584 1435 D.
600 1374 834 1450 Tt.‚·nam1ictc
848 1373 869 1435 1.
884 1395 909 1435 e.
922 1375 1078 1455 utsupra,
1091 1389 1167 1431 asse-

164 1457 278 1529 ruerit,
292 1456 371 1535 qudd
387 1468 447 1518 tam
464 1461 612 1533 occultus,
629 1459 717 1537 qudm
736 1461 869 1521 notorius
889 1470 1021 1539 peccator
1036 1456 1168 1518 mortali-

164 1549 211 1603 ter
230 1549 327 1617 peccet
346 1543 565 1619 concionando,
586 1553 699 1616 tamen,
715 1552 748 1603 ut
768 1544 894 1605 advertit
908 1546 947 1604 P.
963 1541 1081 1603 Contio.
1099 1548 1119 1600 t.
1134 1539 1164 1599 8.

161 1642 195 1704 p.
212 1625 261 1683 95.
277 1642 309 1682 n.
323 1627 372 1685 25.
388 1625 505 1685 videtur
516 1628 547 1685 S.
558 1630 666 1688 Doctor
677 1628 841 1688 doctrinam
854 1629 935 1687 illam
951 1626 1075 1687 voluisse
1088 1631 1167 1701 post·

163 1707 287 1768 modum
303 1708 443 1781 delinire,
464 1711 548 1770 etad
567 1712 643 1772 solos
663 1721 692 1771 et
714 1712 845 1790 publicos
867 1719 1029 1791 peccatores
1043 1708 1167 1769 restrin-

162 1810 255 1870 gere:
273 1795 382 1854 etenim
399 1797 430 1854 in
451 1798 480 1855 Ξ).
502 1798 567 1858 Cor.
582 1816 607 1857 c·
621 1798 649 1855 6.
667 1794 728 1857 lect.
744 1800 772 1857 1.
790 1815 826 1857 ear
840 1800 870 1858 S.
886 1800 972 1877 (ἶνες.
989 1797 1029 1856 sic
1046 1793 1164 1872 inquit:

165 1876 258 1956 Cujus
276 1876 340 1937 rita
356 1876 534 1960 despicitur,
550 1887 657 1955 restat,
675 1888 710 1940 ut
728 1881 791 1960 ejus
808 1878 979 1960 predicatio
1000 1885 1167 1938 conlectura

164 1967 234 2035 tur,
254 1968 290 2020 ut
302 1959 438 2042 publicae
453 1971 481 2022 et
499 1961 633 2042 famosus
649 1971 782 2042 peccator
800 1964 898 2023 cauere
918 1960 976 2023 eibi
995 1958 1110 2041 debeat,
1130 1975 1167 2017 nc

159 2042 317 2124 praedicet,
336 2042 412 2106 olida
424 2054 533 2126 peccat.
545 2049 587 2106 Et·
602 2045 657 2107 lroe
672 2045 769 2125 potiris
787 2044 1010 2124 intelligendum
1031 2042 1165 2113 videtur,

163 2131 189 2189 si
198 2131 384 2191 concionator
395 2131 526 2210 increpet
537 2133 644 2192 vitium
659 2132 696 2191 dc
712 2150 771 2209 quo
783 2133 842 2208 ipse
853 2127 969 2207 publice
981 2137 1025 2187 est
1034 2125 1166 2186 diliama·

162 2221 224 2287 tus,
234 2212 316 2289 juxta
327 2213 400 2273 illud
410 2216 493 2274 door.
503 2233 527 2274 e.
541 2216 571 2275 2.
585 2213 617 2287 i.
632 2218 680 2277 ll.
690 2215 743 2279 ubi
755 2215 900 2293 apostolus
914 2211 982 2271 dicit
996 2233 1003 2268 :
1022 2208 1083 2284 Qui
1093 2205 1168 2266 attor

162 2295 261 2367 doceo,
274 2296 398 2379 teipsum
410 2316 470 2357 ooo
484 2297 564 2359 doceo
574 2293 649 2378 :oui
658 2298 804 2380 prodicos
815 2316 874 2359 uolt
883 2293 1065 2376 faciendum,
1079 2291 1166 2372 fura·

134 2396 138 2401 ·
162 2381 222 2456 ria,
234 2383 288 2461 qui
301 2380 447 2442 dicisum
461 2381 679 2456 moeolruuduoc,
695 2381 867 2456 oracionis,
881 2388 933 2441 ete.
946 2397 1098 2448 alemeon„
1109 2373 1168 2437 Dei

159 2469 283 2543 perros
302 2462 521 2547 blasphematur
539 2465 739 2547 intermontes.

200 2550 250 2611 42.
269 2582 308 2596 -
328 2574 341 2604 u
361 2553 447 2627 Resp.
469 2552 498 2611 2.
520 2552 693 2629 Requiritur
715 2559 874 2630 praetcrea,
899 2556 933 2610 ut
955 2548 1107 2629 exhibeat,
1133 2566 1166 2607 uc
1230 2547 1232 2551 ’

163 2655 177 2683 u
201 2642 304 2704 eurct,
326 2652 386 2694 non
405 2633 521 2697 tantuin]
542 2654 611 2712 quae
634 2635 670 2695 ad
691 2635 882 2696 substantiam
905 2632 1076 2703 sacramenti
1097 2639 1167 2693 sunt

163 2741 177 2767 »
201 2716 379 2789 necessaria,
390 2716 440 2777 sed
461 2719 550 2778 etiam
569 2737 634 2797 quae
645 2718 682 2779 ad
696 2718 829 2782 decorem
840 2763 848 2792 ‚
860 2720 921 2778 sivo
936 2738 971 2784 ex
986 2726 1089 2785 natura
1103 2717 1165 2790 roi,

163 2822 188 2877 o=
200 2799 262 2859 sive
274 2816 310 2858 ex
323 2809 469 2879 praecepto
482 2802 633 2876 Ecclesiae,
646 2812 787 2883 spectant.
802 2802 885 2864 Ratio
902 2803 1008 2881 prioris
1021 2811 1082 2875 est,
1098 2801 1167 2877 quie

162 2906 176 2934 a
200 2881 309 2959 alioqui
333 2894 513 2944 sacramenta
537 2884 728 2957 dehonestat,
752 2896 782 2946 et
805 2896 909 2950 tractat
932 2884 1062 2962 indigne.
1081 2883 1166 2953 Ratio

162 2990 176 3017 a
200 2967 370 3043 posterioris
388 2976 451 3043 est,
471 2969 538 3046 quia
553 2979 731 3030 sacramento
752 2969 848 3031 sanctd
868 2977 936 3029 aunt
955 2965 1102 3033 tractanda
1115 2986 1124 3043 5
1137 2974 1167 3025 et

160 3071 176 3101 ιν
200 3057 343 3127 precepta
361 3051 494 3147 Ecclesiae
510 3053 641 3132 ohligant
658 3055 689 3113 in
709 3053 895 3114 conscientia.

553 3175 633 3238 Unde
646 3171 792 3236 resolves.-

204 3319 219 3350 ιι
239 3298 268 3356 1.
286 3298 387 3364 Peccat
403 3299 572 3363 ministrans
588 3299 767 3361 mortaliter:
780 3301 809 3358 l.
825 3298 854 3357 Si
873 3296 1163 3364 utaturmateridrel

161 3404 175 3432 u
197 3377 293 3440 fornii
312 3381 400 3456 falsa,
422 3384 468 3442 vel
491 3383 582 3461 (entra
603 3381 812 3460 necessitatem)
832 3381 932 3441 dubid.
953 3383 1065 3448 Boreae.
1084 3379 1114 3445 d.
1133 3384 1161 3444 1.

159 3486 174 3515 o
198 3478 228 3541 q.
238 3463 268 3521 2.
280 3481 313 3541 p.
327 3466 356 3523 l.
368 3483 400 3539 o,
410 3467 458 3526 52.
467 3468 496 3527 2.
507 3467 537 3526 Si
548 3466 664 3526 omittat
677 3466 872 3525 intentionem
884 3465 1064 3542 requisitam.
1076 3464 1162 3539 Qudd

160 3568 175 3597 o
198 3544 223 3603 si
244 3545 314 3606 vend
335 3546 460 3607 dubium
479 3549 608 3620 oriatur,
630 3558 659 3609 ct
681 3567 740 3609 non
763 3547 878 3609 tantdm
897 3548 991 3608 inanis
1009 3550 1161 3626 scrupulus

158 3652 174 3682 ι»
196 3625 222 3685 is
237 3628 318 3688 enim
332 3628 412 3706 rejici
429 3631 526 3711 debet)
536 3675 544 3706 ,
555 3650 593 3691 an
603 3632 696 3694 formu
709 3633 797 3694 luerit
815 3634 963 3713 legitima,
978 3633 1025 3693 vol
1036 3650 1073 3692 an
1086 3633 1158 3710 logi-
