<?xml version="1.0" encoding="UTF-8"?>
<!DOCTYPE html PUBLIC "-//W3C//DTD XHTML 1.0 Transitional//EN"
    "http://www.w3.org/TR/xhtml1/DTD/xhtml1-transitional.dtd">
<html xmlns="http://www.w3.org/1999/xhtml" xml:lang="en" lang="en">
 <head>
  <title>
</title>
<meta http-equiv="Content-Type" content="text/html;charset=utf-8" />
  <meta name='ocr-system' content='tesseract 3.04.00' />
  <meta name='ocr-capabilities' content='ocr_page ocr_carea ocr_par ocr_line ocrx_word'/>
</head>
<body>
  <div class='ocr_page' id='page_1' title='image "./theologiamorali02heilgoog_0093.png"; bbox 0 0 2562 4166; ppageno 0'>
   <div class='ocr_carea' id='block_1_1' title="bbox 92 161 952 279">
    <p class='ocr_par' dir='ltr' id='par_1_1' title="bbox 92 161 952 279">
     <span class='ocr_line' id='line_1_1' title="bbox 92 161 952 279; baseline -0.006 -19"><span class='ocrx_word' id='word_1_1' title='bbox 92 161 94 164; x_wconf 9' lang='grc' dir='ltr'><em>Α</em></span> <span class='ocrx_word' id='word_1_2' title='bbox 172 200 211 260; x_wconf 79' lang='lat' dir='ltr'><strong>at</strong></span> <span class='ocrx_word' id='word_1_3' title='bbox 372 196 438 261; x_wconf 79' lang='lat' dir='ltr'><strong>Lib.</strong></span> <span class='ocrx_word' id='word_1_4' title='bbox 452 199 482 261; x_wconf 86' lang='grc'><strong>5.</strong></span> <span class='ocrx_word' id='word_1_5' title='bbox 494 200 540 258; x_wconf 85' lang='lat' dir='ltr'><strong>De</strong></span> <span class='ocrx_word' id='word_1_6' title='bbox 551 197 702 279; x_wconf 71' lang='lat' dir='ltr'><strong>praeceptis</strong></span> <span class='ocrx_word' id='word_1_7' title='bbox 711 190 952 276; x_wconf 67' lang='lat' dir='ltr'><strong>particularibus.</strong></span> 
     </span>
    </p>
   </div>
   <div class='ocr_carea' id='block_1_2' title="bbox 169 290 1209 3153">
    <p class='ocr_par' dir='ltr' id='par_1_2' title="bbox 171 290 1187 1798">
     <span class='ocr_line' id='line_1_2' title="bbox 175 290 1176 375; baseline 0.002 -18"><span class='ocrx_word' id='word_1_8' title='bbox 175 298 258 358; x_wconf 82' lang='lat' dir='ltr'><strong>Unde</strong></span> <span class='ocrx_word' id='word_1_9' title='bbox 271 297 339 358; x_wconf 87' lang='lat' dir='ltr'><strong>sutis</strong></span> <span class='ocrx_word' id='word_1_10' title='bbox 352 304 543 365; x_wconf 78' lang='lat' dir='ltr'><strong>excusantur,</strong></span> <span class='ocrx_word' id='word_1_11' title='bbox 557 294 609 375; x_wconf 83' lang='lat' dir='ltr'><strong>qui</strong></span> <span class='ocrx_word' id='word_1_12' title='bbox 632 296 794 375; x_wconf 72' lang='lat' dir='ltr'><strong>prudenter</strong></span> <span class='ocrx_word' id='word_1_13' title='bbox 815 290 940 358; x_wconf 86' lang='lat' dir='ltr'><strong>credunt</strong></span> <span class='ocrx_word' id='word_1_14' title='bbox 953 297 999 357; x_wconf 81' lang='lat' dir='ltr'><strong>vel</strong></span> <span class='ocrx_word' id='word_1_15' title='bbox 1019 298 1119 365; x_wconf 83' lang='lat' dir='ltr'><strong>timent</strong></span> <span class='ocrx_word' id='word_1_16' title='bbox 1137 301 1176 363; x_wconf 88' lang='lat' dir='ltr'><strong>nb</strong></span> 
     </span>
     <span class='ocr_line' id='line_1_3' title="bbox 172 381 1177 462; baseline -0.001 -17"><span class='ocrx_word' id='word_1_17' title='bbox 172 385 258 445; x_wconf 83' lang='lat' dir='ltr'><strong>officii</strong></span> <span class='ocrx_word' id='word_1_18' title='bbox 274 382 474 442; x_wconf 78' lang='lat' dir='ltr'><strong>recitationem</strong></span> <span class='ocrx_word' id='word_1_19' title='bbox 495 381 625 459; x_wconf 75' lang='lat' dir='ltr'><strong>cistere</strong></span> <span class='ocrx_word' id='word_1_20' title='bbox 639 389 849 458; x_wconf 84' lang='lat' dir='ltr'><strong>proventurum</strong></span> <span class='ocrx_word' id='word_1_21' title='bbox 870 381 1031 443; x_wconf 80' lang='lat' dir='ltr'><strong>notabilem</strong></span> <span class='ocrx_word' id='word_1_22' title='bbox 1046 387 1177 462; x_wconf 75' lang='lat' dir='ltr'><strong>gravedi-</strong></span> 
     </span>
     <span class='ocr_line' id='line_1_4' title="bbox 173 463 1177 545; baseline 0.006 -16"><span class='ocrx_word' id='word_1_23' title='bbox 173 488 242 530; x_wconf 88' lang='lat' dir='ltr'><strong>nem</strong></span> <span class='ocrx_word' id='word_1_24' title='bbox 255 468 355 545; x_wconf 85' lang='lat' dir='ltr'><strong>capitis</strong></span> <span class='ocrx_word' id='word_1_25' title='bbox 367 511 375 535; x_wconf 86' lang='lat'>,</span> <span class='ocrx_word' id='word_1_26' title='bbox 385 466 431 524; x_wconf 82' lang='lat' dir='ltr'><strong>rel</strong></span> <span class='ocrx_word' id='word_1_27' title='bbox 444 466 617 525; x_wconf 86' lang='lat' dir='ltr'><strong>cruditatem</strong></span> <span class='ocrx_word' id='word_1_28' title='bbox 632 463 771 525; x_wconf 81' lang='lat' dir='ltr'><strong>stomachi</strong></span> <span class='ocrx_word' id='word_1_29' title='bbox 784 473 835 524; x_wconf 93' lang='lat' dir='ltr'><strong>aut</strong></span> <span class='ocrx_word' id='word_1_30' title='bbox 847 465 955 525; x_wconf 87' lang='lat' dir='ltr'><strong>virium</strong></span> <span class='ocrx_word' id='word_1_31' title='bbox 965 467 1177 535; x_wconf 75' lang='lat' dir='ltr'><strong>lassitudinem.</strong></span> 
     </span>
     <span class='ocr_line' id='line_1_5' title="bbox 171 547 1173 634; baseline 0.002 -22"><span class='ocrx_word' id='word_1_32' title='bbox 171 555 217 612; x_wconf 84' lang='lat' dir='ltr'><strong>rel</strong></span> <span class='ocrx_word' id='word_1_33' title='bbox 228 553 251 613; x_wconf 89' lang='lat' dir='ltr'><strong>si</strong></span> <span class='ocrx_word' id='word_1_34' title='bbox 269 551 389 610; x_wconf 86' lang='lat' dir='ltr'><strong>credant</strong></span> <span class='ocrx_word' id='word_1_35' title='bbox 399 549 506 609; x_wconf 88' lang='lat' dir='ltr'><strong>lebrim</strong></span> <span class='ocrx_word' id='word_1_36' title='bbox 516 547 628 609; x_wconf 82' lang='lat' dir='ltr'><strong>tardius</strong></span> <span class='ocrx_word' id='word_1_37' title='bbox 638 549 927 608; x_wconf 86' lang='lat' dir='ltr'><strong>cssercmittendam.</strong></span> <span class='ocrx_word' id='word_1_38' title='bbox 938 551 980 609; x_wconf 84' lang='lat' dir='ltr'><strong>lta</strong></span> <span class='ocrx_word' id='word_1_39' title='bbox 995 552 1173 634; x_wconf 74' lang='grc'><strong>85555555.</strong></span> 
     </span>
     <span class='ocr_line' id='line_1_6' title="bbox 172 630 1176 711; baseline -0.002 -13"><span class='ocrx_word' id='word_1_40' title='bbox 172 640 202 698; x_wconf 74' lang='lat'><strong>2.</strong></span> <span class='ocrx_word' id='word_1_41' title='bbox 213 634 281 699; x_wconf 86' lang='lat' dir='ltr'><strong>dub.</strong></span> <span class='ocrx_word' id='word_1_42' title='bbox 295 637 344 696; x_wconf 93' lang='grc'><strong>45.</strong></span> <span class='ocrx_word' id='word_1_43' title='bbox 362 651 395 694; x_wconf 86' lang='grc'><strong>5.</strong></span> <span class='ocrx_word' id='word_1_44' title='bbox 412 634 441 693; x_wconf 91' lang='grc'><strong>4.</strong></span> <span class='ocrx_word' id='word_1_45' title='bbox 454 630 571 693; x_wconf 76' lang='grc'><strong>7757555.</strong></span> <span class='ocrx_word' id='word_1_46' title='bbox 589 639 658 691; x_wconf 84' lang='lat' dir='ltr'><strong>tona.</strong></span> <span class='ocrx_word' id='word_1_47' title='bbox 673 633 702 691; x_wconf 93' lang='grc'><strong>7.</strong></span> <span class='ocrx_word' id='word_1_48' title='bbox 718 650 790 711; x_wconf 71' lang='lat' dir='ltr'><strong>paq.</strong></span> <span class='ocrx_word' id='word_1_49' title='bbox 805 635 873 694; x_wconf 85' lang='grc'><strong>450.</strong></span> <span class='ocrx_word' id='word_1_50' title='bbox 890 651 924 692; x_wconf 89' lang='grc'><strong>5.</strong></span> <span class='ocrx_word' id='word_1_51' title='bbox 937 634 1006 693; x_wconf 90' lang='grc'><strong>477.</strong></span> <span class='ocrx_word' id='word_1_52' title='bbox 1021 633 1124 696; x_wconf 81' lang='lat' dir='ltr'><strong>Anucl.</strong></span> <span class='ocrx_word' id='word_1_53' title='bbox 1143 637 1176 699; x_wconf 87' lang='lat' dir='ltr'><strong>alc</strong></span> 
     </span>
     <span class='ocr_line' id='line_1_7' title="bbox 172 712 1174 795; baseline -0.003 -11"><span class='ocrx_word' id='word_1_54' title='bbox 172 721 236 784; x_wconf 79' lang='lat' dir='ltr'><strong>lior.</strong></span> <span class='ocrx_word' id='word_1_55' title='bbox 250 739 316 783; x_wconf 83' lang='grc'><strong>555.</strong></span> <span class='ocrx_word' id='word_1_56' title='bbox 333 736 363 777; x_wconf 89' lang='grc'><strong>5.</strong></span> <span class='ocrx_word' id='word_1_57' title='bbox 377 717 426 776; x_wconf 90' lang='grc'><strong>77.</strong></span> <span class='ocrx_word' id='word_1_58' title='bbox 440 719 525 777; x_wconf 84' lang='grc'><strong>0555.</strong></span> <span class='ocrx_word' id='word_1_59' title='bbox 541 723 611 774; x_wconf 83' lang='lat' dir='ltr'><strong>tout.</strong></span> <span class='ocrx_word' id='word_1_60' title='bbox 624 712 655 775; x_wconf 76' lang='grc'><strong>7.</strong></span> <span class='ocrx_word' id='word_1_61' title='bbox 670 732 702 795; x_wconf 84' lang='lat' dir='ltr'><strong>p.</strong></span> <span class='ocrx_word' id='word_1_62' title='bbox 719 717 786 777; x_wconf 90' lang='grc'><strong>507.</strong></span> <span class='ocrx_word' id='word_1_63' title='bbox 800 734 832 777; x_wconf 86' lang='grc'><strong>5.</strong></span> <span class='ocrx_word' id='word_1_64' title='bbox 848 717 898 776; x_wconf 75' lang='grc'><strong>75.</strong></span> <span class='ocrx_word' id='word_1_65' title='bbox 918 724 946 778; x_wconf 86' lang='lat' dir='ltr'><strong>et</strong></span> <span class='ocrx_word' id='word_1_66' title='bbox 956 713 1051 779; x_wconf 78' lang='grc'><strong>8555.</strong></span> <span class='ocrx_word' id='word_1_67' title='bbox 1063 717 1098 781; x_wconf 83' lang='lat' dir='ltr'><strong>de</strong></span> <span class='ocrx_word' id='word_1_68' title='bbox 1112 719 1174 785; x_wconf 79' lang='lat' dir='ltr'><strong>lior.</strong></span> 
     </span>
     <span class='ocr_line' id='line_1_8' title="bbox 171 793 1174 882; baseline 0.003 -17"><span class='ocrx_word' id='word_1_69' title='bbox 171 824 238 866; x_wconf 80' lang='lat' dir='ltr'><strong>cara.</strong></span> <span class='ocrx_word' id='word_1_70' title='bbox 255 822 279 865; x_wconf 89' lang='lat' dir='ltr'><strong>c.</strong></span> <span class='ocrx_word' id='word_1_71' title='bbox 293 804 322 862; x_wconf 88' lang='grc'><strong>5.</strong></span> <span class='ocrx_word' id='word_1_72' title='bbox 336 820 367 882; x_wconf 85' lang='lat' dir='ltr'><strong>p.</strong></span> <span class='ocrx_word' id='word_1_73' title='bbox 379 804 408 861; x_wconf 89' lang='grc'><strong>0.</strong></span> <span class='ocrx_word' id='word_1_74' title='bbox 424 799 451 881; x_wconf 68' lang='lat' dir='ltr'><strong>S.</strong></span> <span class='ocrx_word' id='word_1_75' title='bbox 463 801 492 859; x_wconf 97' lang='grc'><strong>7.</strong></span> <span class='ocrx_word' id='word_1_76' title='bbox 509 819 541 860; x_wconf 82' lang='lat' dir='ltr'><strong>n.</strong></span> <span class='ocrx_word' id='word_1_77' title='bbox 554 798 603 859; x_wconf 87' lang='grc'><strong>55.</strong></span> <span class='ocrx_word' id='word_1_78' title='bbox 623 800 658 859; x_wconf 81' lang='lat' dir='ltr'><strong>iu</strong></span> <span class='ocrx_word' id='word_1_79' title='bbox 676 797 751 859; x_wconf 81' lang='lat' dir='ltr'><strong>cred.</strong></span> <span class='ocrx_word' id='word_1_80' title='bbox 765 793 831 859; x_wconf 76' lang='lat' dir='ltr'><strong>cunc</strong></span> <span class='ocrx_word' id='word_1_81' title='bbox 857 797 954 877; x_wconf 80' lang='grc'><strong>75577.</strong></span> <span class='ocrx_word' id='word_1_82' title='bbox 969 808 998 861; x_wconf 86' lang='lat' dir='ltr'><strong>et</strong></span> <span class='ocrx_word' id='word_1_83' title='bbox 1008 799 1083 863; x_wconf 88' lang='lat' dir='ltr'><strong>Pell.</strong></span> <span class='ocrx_word' id='word_1_84' title='bbox 1099 821 1136 865; x_wconf 77' lang='lat' dir='ltr'><strong>ea</strong></span> <span class='ocrx_word' id='word_1_85' title='bbox 1150 825 1174 869; x_wconf 85' lang='grc'><strong>5.</strong></span> 
     </span>
     <span class='ocr_line' id='line_1_9' title="bbox 175 882 1176 961; baseline 0.001 -11"><span class='ocrx_word' id='word_1_86' title='bbox 175 887 301 950; x_wconf 78' lang='lat' dir='ltr'><strong>Clericus</strong></span> <span class='ocrx_word' id='word_1_87' title='bbox 316 887 345 945; x_wconf 89' lang='grc'><strong>5.</strong></span> <span class='ocrx_word' id='word_1_88' title='bbox 360 883 429 945; x_wconf 86' lang='lat' dir='ltr'><strong>dist.</strong></span> <span class='ocrx_word' id='word_1_89' title='bbox 443 885 493 944; x_wconf 85' lang='grc'><strong>07.</strong></span> <span class='ocrx_word' id='word_1_90' title='bbox 508 883 558 942; x_wconf 91' lang='lat' dir='ltr'><strong>ubi</strong></span> <span class='ocrx_word' id='word_1_91' title='bbox 579 882 708 961; x_wconf 85' lang='lat' dir='ltr'><strong>dieitur,</strong></span> <span class='ocrx_word' id='word_1_92' title='bbox 731 883 811 960; x_wconf 82' lang='lat' dir='ltr'><strong>qubd</strong></span> <span class='ocrx_word' id='word_1_93' title='bbox 832 893 948 943; x_wconf 85' lang='lat' dir='ltr'><strong>excusat</strong></span> <span class='ocrx_word' id='word_1_94' title='bbox 965 886 1004 944; x_wconf 93' lang='lat' dir='ltr'><strong>ab</strong></span> <span class='ocrx_word' id='word_1_95' title='bbox 1015 886 1110 951; x_wconf 82' lang='lat' dir='ltr'><strong>officia</strong></span> <span class='ocrx_word' id='word_1_96' title='bbox 1131 888 1176 950; x_wconf 79' lang='lat' dir='ltr'><strong>in-</strong></span> 
     </span>
     <span class='ocr_line' id='line_1_10' title="bbox 172 966 1176 1054; baseline -0.009 -19"><span class='ocrx_word' id='word_1_97' title='bbox 172 968 327 1054; x_wconf 78' lang='lat' dir='ltr'><strong>equulitus</strong></span> <span class='ocrx_word' id='word_1_98' title='bbox 346 967 475 1050; x_wconf 81' lang='lat' dir='ltr'><strong>corporis</strong></span> <span class='ocrx_word' id='word_1_99' title='bbox 487 1012 495 1038; x_wconf 90' lang='lat'>‚</span> <span class='ocrx_word' id='word_1_100' title='bbox 507 966 585 1045; x_wconf 90' lang='lat' dir='ltr'><strong>quod</strong></span> <span class='ocrx_word' id='word_1_101' title='bbox 600 984 660 1026; x_wconf 91' lang='grc'><strong>555</strong></span> <span class='ocrx_word' id='word_1_102' title='bbox 674 967 816 1044; x_wconf 84' lang='lat' dir='ltr'><strong>significat</strong></span> <span class='ocrx_word' id='word_1_103' title='bbox 833 969 971 1029; x_wconf 87' lang='lat' dir='ltr'><strong>morbum</strong></span> <span class='ocrx_word' id='word_1_104' title='bbox 987 987 1104 1048; x_wconf 82' lang='lat' dir='ltr'><strong>gravem</strong></span> <span class='ocrx_word' id='word_1_105' title='bbox 1119 1012 1127 1045; x_wconf 81' lang='lat'>,</span> <span class='ocrx_word' id='word_1_106' title='bbox 1144 983 1176 1033; x_wconf 83' lang='lat' dir='ltr'><strong>na</strong></span> 
     </span>
     <span class='ocr_line' id='line_1_11' title="bbox 172 1049 1175 1133; baseline -0.002 -15"><span class='ocrx_word' id='word_1_107' title='bbox 172 1056 248 1118; x_wconf 78' lang='lat' dir='ltr'><strong>bene</strong></span> <span class='ocrx_word' id='word_1_108' title='bbox 267 1056 393 1115; x_wconf 78' lang='lat' dir='ltr'><strong>advortit</strong></span> <span class='ocrx_word' id='word_1_109' title='bbox 408 1049 527 1121; x_wconf 78' lang='grc'><strong>055754.</strong></span> <span class='ocrx_word' id='word_1_110' title='bbox 545 1053 574 1111; x_wconf 87' lang='grc'><strong>4.</strong></span> <span class='ocrx_word' id='word_1_111' title='bbox 588 1070 620 1111; x_wconf 91' lang='grc'><strong>5.</strong></span> <span class='ocrx_word' id='word_1_112' title='bbox 640 1052 727 1111; x_wconf 73' lang='grc'><strong>7774.</strong></span> <span class='ocrx_word' id='word_1_113' title='bbox 744 1053 780 1110; x_wconf 84' lang='lat' dir='ltr'><strong>llt</strong></span> <span class='ocrx_word' id='word_1_114' title='bbox 791 1050 846 1112; x_wconf 89' lang='lat' dir='ltr'><strong>boc</strong></span> <span class='ocrx_word' id='word_1_115' title='bbox 860 1053 1055 1133; x_wconf 75' lang='lat' dir='ltr'><strong>probabiliter</strong></span> <span class='ocrx_word' id='word_1_116' title='bbox 1072 1055 1175 1119; x_wconf 45' lang='lat' dir='ltr'><strong>admit*</strong></span> 
     </span>
     <span class='ocr_line' id='line_1_12' title="bbox 173 1132 1174 1217; baseline -0.004 -14"><span class='ocrx_word' id='word_1_117' title='bbox 173 1145 266 1214; x_wconf 82' lang='lat' dir='ltr'><strong>titur,</strong></span> <span class='ocrx_word' id='word_1_118' title='bbox 292 1139 403 1199; x_wconf 91' lang='lat' dir='ltr'><strong>etiamsi</strong></span> <span class='ocrx_word' id='word_1_119' title='bbox 428 1136 564 1199; x_wconf 86' lang='lat' dir='ltr'><strong>infirmus</strong></span> <span class='ocrx_word' id='word_1_120' title='bbox 590 1153 643 1213; x_wconf 91' lang='lat' dir='ltr'><strong>per</strong></span> <span class='ocrx_word' id='word_1_121' title='bbox 663 1152 799 1213; x_wconf 79' lang='lat' dir='ltr'><strong>magnam</strong></span> <span class='ocrx_word' id='word_1_122' title='bbox 821 1132 879 1196; x_wconf 86' lang='lat' dir='ltr'><strong>diei</strong></span> <span class='ocrx_word' id='word_1_123' title='bbox 905 1146 1021 1214; x_wconf 88' lang='lat' dir='ltr'><strong>partem</strong></span> <span class='ocrx_word' id='word_1_124' title='bbox 1050 1132 1174 1217; x_wconf 86' lang='lat' dir='ltr'><strong>aliquem</strong></span> 
     </span>
     <span class='ocr_line' id='line_1_13' title="bbox 172 1216 1174 1305; baseline -0.004 -18"><span class='ocrx_word' id='word_1_125' title='bbox 172 1229 281 1305; x_wconf 81' lang='lat' dir='ltr'><strong>legeret</strong></span> <span class='ocrx_word' id='word_1_126' title='bbox 293 1224 402 1284; x_wconf 90' lang='lat' dir='ltr'><strong>librum</strong></span> <span class='ocrx_word' id='word_1_127' title='bbox 424 1220 460 1280; x_wconf 91' lang='lat' dir='ltr'><strong>ad</strong></span> <span class='ocrx_word' id='word_1_128' title='bbox 472 1220 604 1279; x_wconf 90' lang='lat' dir='ltr'><strong>animum</strong></span> <span class='ocrx_word' id='word_1_129' title='bbox 625 1216 801 1287; x_wconf 87' lang='lat' dir='ltr'><strong>solandum,</strong></span> <span class='ocrx_word' id='word_1_130' title='bbox 823 1229 857 1279; x_wconf 93' lang='lat' dir='ltr'><strong>ut</strong></span> <span class='ocrx_word' id='word_1_131' title='bbox 868 1219 971 1279; x_wconf 92' lang='lat' dir='ltr'><strong>dicunt</strong></span> <span class='ocrx_word' id='word_1_132' title='bbox 991 1221 1099 1284; x_wconf 79' lang='lat' dir='ltr'><strong>Saecula.</strong></span> <span class='ocrx_word' id='word_1_133' title='bbox 1113 1219 1140 1283; x_wconf 77' lang='grc'><strong>7..</strong></span> <span class='ocrx_word' id='word_1_134' title='bbox 1149 1242 1174 1283; x_wconf 85' lang='grc'><strong>5.</strong></span> 
     </span>
     <span class='ocr_line' id='line_1_14' title="bbox 172 1301 1173 1387; baseline -0.006 -16"><span class='ocrx_word' id='word_1_135' title='bbox 172 1331 256 1371; x_wconf 78' lang='lat' dir='ltr'><strong>taccu.</strong></span> <span class='ocrx_word' id='word_1_136' title='bbox 273 1312 303 1369; x_wconf 92' lang='grc'><strong>4.</strong></span> <span class='ocrx_word' id='word_1_137' title='bbox 329 1303 444 1367; x_wconf 72' lang='grc'><strong>7757555.</strong></span> <span class='ocrx_word' id='word_1_138' title='bbox 459 1322 531 1385; x_wconf 72' lang='lat' dir='ltr'><strong>paq.</strong></span> <span class='ocrx_word' id='word_1_139' title='bbox 554 1302 622 1362; x_wconf 89' lang='grc'><strong>450.</strong></span> <span class='ocrx_word' id='word_1_140' title='bbox 639 1321 672 1361; x_wconf 89' lang='grc'><strong>5.</strong></span> <span class='ocrx_word' id='word_1_141' title='bbox 693 1302 763 1361; x_wconf 89' lang='grc'><strong>477.</strong></span> <span class='ocrx_word' id='word_1_142' title='bbox 781 1302 864 1384; x_wconf 81' lang='lat' dir='ltr'><strong>Spar.</strong></span> <span class='ocrx_word' id='word_1_143' title='bbox 878 1323 910 1363; x_wconf 86' lang='grc'><strong>5.</strong></span> <span class='ocrx_word' id='word_1_144' title='bbox 924 1305 991 1363; x_wconf 89' lang='grc'><strong>758.</strong></span> <span class='ocrx_word' id='word_1_145' title='bbox 1011 1301 1097 1367; x_wconf 71' lang='lat' dir='ltr'><strong>attat</strong></span> <span class='ocrx_word' id='word_1_146' title='bbox 1106 1325 1173 1387; x_wconf 68' lang='grc'><strong>555.</strong></span> 
     </span>
     <span class='ocr_line' id='line_1_15' title="bbox 173 1380 1174 1464; baseline -0.006 -9"><span class='ocrx_word' id='word_1_147' title='bbox 173 1397 241 1456; x_wconf 89' lang='grc'><strong>504.</strong></span> <span class='ocrx_word' id='word_1_148' title='bbox 257 1413 289 1453; x_wconf 90' lang='grc'><strong>5.</strong></span> <span class='ocrx_word' id='word_1_149' title='bbox 306 1394 373 1453; x_wconf 75' lang='grc'><strong>407.</strong></span> <span class='ocrx_word' id='word_1_150' title='bbox 388 1399 416 1451; x_wconf 89' lang='lat' dir='ltr'><strong>et</strong></span> <span class='ocrx_word' id='word_1_151' title='bbox 428 1385 521 1457; x_wconf 78' lang='grc'><strong>8555.</strong></span> <span class='ocrx_word' id='word_1_152' title='bbox 538 1383 559 1445; x_wconf 82' lang='lat' dir='ltr'><strong>l.</strong></span> <span class='ocrx_word' id='word_1_153' title='bbox 571 1404 595 1445; x_wconf 90' lang='lat' dir='ltr'><strong>c.</strong></span> <span class='ocrx_word' id='word_1_154' title='bbox 611 1387 643 1445; x_wconf 87' lang='lat' dir='ltr'><strong>iu</strong></span> <span class='ocrx_word' id='word_1_155' title='bbox 656 1384 718 1464; x_wconf 75' lang='grc'><strong>[555</strong></span> <span class='ocrx_word' id='word_1_156' title='bbox 731 1404 797 1447; x_wconf 81' lang='lat' dir='ltr'><strong>curn</strong></span> <span class='ocrx_word' id='word_1_157' title='bbox 815 1380 997 1449; x_wconf 66' lang='lat' dir='ltr'><strong>bratteata</strong></span> <span class='ocrx_word' id='word_1_158' title='bbox 1009 1382 1174 1463; x_wconf 73' lang='lat' dir='ltr'><strong>Diuu.‚etc.</strong></span> 
     </span>
     <span class='ocr_line' id='line_1_16' title="bbox 173 1468 1173 1555; baseline -0.001 -20"><span class='ocrx_word' id='word_1_159' title='bbox 173 1479 275 1555; x_wconf 75' lang='lat' dir='ltr'><strong>llario,</strong></span> <span class='ocrx_word' id='word_1_160' title='bbox 289 1476 356 1555; x_wconf 89' lang='lat' dir='ltr'><strong>quia</strong></span> <span class='ocrx_word' id='word_1_161' title='bbox 375 1472 442 1533; x_wconf 81' lang='lat' dir='ltr'><strong>licdt</strong></span> <span class='ocrx_word' id='word_1_162' title='bbox 460 1473 513 1531; x_wconf 87' lang='lat' dir='ltr'><strong>iste</strong></span> <span class='ocrx_word' id='word_1_163' title='bbox 534 1479 629 1548; x_wconf 83' lang='lat' dir='ltr'><strong>posset</strong></span> <span class='ocrx_word' id='word_1_164' title='bbox 649 1470 746 1548; x_wconf 77' lang='lat' dir='ltr'><strong>legero</strong></span> <span class='ocrx_word' id='word_1_165' title='bbox 760 1468 871 1533; x_wconf 90' lang='lat' dir='ltr'><strong>librum</strong></span> <span class='ocrx_word' id='word_1_166' title='bbox 889 1469 1100 1544; x_wconf 82' lang='lat' dir='ltr'><strong>recreationis,</strong></span> <span class='ocrx_word' id='word_1_167' title='bbox 1118 1493 1173 1535; x_wconf 90' lang='grc'><strong>555</strong></span> 
     </span>
     <span class='ocr_line' id='line_1_17' title="bbox 172 1552 1175 1636; baseline -0.01 -13"><span class='ocrx_word' id='word_1_168' title='bbox 172 1572 272 1625; x_wconf 87' lang='lat' dir='ltr'><strong>tamen</strong></span> <span class='ocrx_word' id='word_1_169' title='bbox 296 1559 432 1636; x_wconf 83' lang='lat' dir='ltr'><strong>sequitur</strong></span> <span class='ocrx_word' id='word_1_170' title='bbox 455 1552 535 1633; x_wconf 85' lang='lat' dir='ltr'><strong>qubd</strong></span> <span class='ocrx_word' id='word_1_171' title='bbox 557 1553 666 1631; x_wconf 86' lang='lat' dir='ltr'><strong>possit,</strong></span> <span class='ocrx_word' id='word_1_172' title='bbox 686 1563 716 1614; x_wconf 89' lang='lat' dir='ltr'><strong>et</strong></span> <span class='ocrx_word' id='word_1_173' title='bbox 732 1553 1008 1617; x_wconf 85' lang='lat' dir='ltr'><strong>teneaturofficinm</strong></span> <span class='ocrx_word' id='word_1_174' title='bbox 1026 1556 1150 1617; x_wconf 85' lang='lat' dir='ltr'><strong>recitare</strong></span> <span class='ocrx_word' id='word_1_175' title='bbox 1165 1601 1175 1629; x_wconf 73' lang='grc'><strong>,,</strong></span> 
     </span>
     <span class='ocr_line' id='line_1_18' title="bbox 172 1635 1187 1723; baseline -0.006 -17"><span class='ocrx_word' id='word_1_176' title='bbox 172 1643 300 1723; x_wconf 90' lang='lat' dir='ltr'><strong>adquod</strong></span> <span class='ocrx_word' id='word_1_177' title='bbox 317 1643 372 1701; x_wconf 87' lang='lat' dir='ltr'><strong>alia</strong></span> <span class='ocrx_word' id='word_1_178' title='bbox 392 1640 511 1718; x_wconf 85' lang='lat' dir='ltr'><strong>quidem</strong></span> <span class='ocrx_word' id='word_1_179' title='bbox 526 1635 619 1714; x_wconf 88' lang='lat' dir='ltr'><strong>major</strong></span> <span class='ocrx_word' id='word_1_180' title='bbox 635 1636 759 1700; x_wconf 88' lang='lat' dir='ltr'><strong>attentio</strong></span> <span class='ocrx_word' id='word_1_181' title='bbox 784 1636 970 1717; x_wconf 84' lang='lat' dir='ltr'><strong>requiritur,</strong></span> <span class='ocrx_word' id='word_1_182' title='bbox 999 1657 1065 1718; x_wconf 80' lang='lat' dir='ltr'><strong>que</strong></span> <span class='ocrx_word' id='word_1_183' title='bbox 1084 1639 1187 1719; x_wconf 21' lang='lat' dir='ltr'><strong>majo-s</strong></span> 
     </span>
     <span class='ocr_line' id='line_1_19' title="bbox 172 1724 964 1798; baseline -0.013 -8"><span class='ocrx_word' id='word_1_184' title='bbox 172 1748 236 1790; x_wconf 89' lang='lat' dir='ltr'><strong>rem</strong></span> <span class='ocrx_word' id='word_1_185' title='bbox 252 1728 336 1787; x_wconf 88' lang='lat' dir='ltr'><strong>allert</strong></span> <span class='ocrx_word' id='word_1_186' title='bbox 349 1724 563 1798; x_wconf 83' lang='lat' dir='ltr'><strong>difficultatem.</strong></span> <span class='ocrx_word' id='word_1_187' title='bbox 961 1782 964 1795; x_wconf 69' lang='grc'>,</span> 
     </span>
    </p>

    <p class='ocr_par' dir='ltr' id='par_1_3' title="bbox 171 1804 1174 2379">
     <span class='ocr_line' id='line_1_20' title="bbox 211 1804 1173 1885; baseline -0.004 -12"><span class='ocrx_word' id='word_1_188' title='bbox 211 1811 379 1874; x_wconf 86' lang='lat' dir='ltr'><strong>Notandum</strong></span> <span class='ocrx_word' id='word_1_189' title='bbox 397 1811 435 1868; x_wconf 91' lang='lat' dir='ltr'><strong>ll.</strong></span> <span class='ocrx_word' id='word_1_190' title='bbox 453 1825 514 1867; x_wconf 93' lang='lat' dir='ltr'><strong>non</strong></span> <span class='ocrx_word' id='word_1_191' title='bbox 535 1804 630 1867; x_wconf 84' lang='lat' dir='ltr'><strong>solbm</strong></span> <span class='ocrx_word' id='word_1_192' title='bbox 643 1813 708 1869; x_wconf 90' lang='lat' dir='ltr'><strong>actu</strong></span> <span class='ocrx_word' id='word_1_193' title='bbox 729 1812 921 1885; x_wconf 73' lang='lat' dir='ltr'><strong>egrotantes,</strong></span> <span class='ocrx_word' id='word_1_194' title='bbox 939 1804 1092 1871; x_wconf 89' lang='lat' dir='ltr'><strong>sedetiam</strong></span> <span class='ocrx_word' id='word_1_195' title='bbox 1107 1827 1173 1873; x_wconf 87' lang='lat' dir='ltr'><strong>con·</strong></span> 
     </span>
     <span class='ocr_line' id='line_1_21' title="bbox 172 1890 1174 1971; baseline -0.005 -14"><span class='ocrx_word' id='word_1_196' title='bbox 172 1898 348 1956; x_wconf 85' lang='lat' dir='ltr'><strong>valesceutcs</strong></span> <span class='ocrx_word' id='word_1_197' title='bbox 369 1911 405 1952; x_wconf 88' lang='lat' dir='ltr'><strong>cx</strong></span> <span class='ocrx_word' id='word_1_198' title='bbox 429 1895 510 1971; x_wconf 76' lang='lat' dir='ltr'><strong>gravi</strong></span> <span class='ocrx_word' id='word_1_199' title='bbox 534 1891 639 1955; x_wconf 85' lang='lat' dir='ltr'><strong>morbo</strong></span> <span class='ocrx_word' id='word_1_200' title='bbox 666 1891 799 1951; x_wconf 87' lang='lat' dir='ltr'><strong>excusari</strong></span> <span class='ocrx_word' id='word_1_201' title='bbox 812 1890 849 1951; x_wconf 89' lang='lat' dir='ltr'><strong>ab</strong></span> <span class='ocrx_word' id='word_1_202' title='bbox 870 1891 966 1953; x_wconf 84' lang='lat' dir='ltr'><strong>officio</strong></span> <span class='ocrx_word' id='word_1_203' title='bbox 983 1910 1036 1969; x_wconf 90' lang='lat' dir='ltr'><strong>per</strong></span> <span class='ocrx_word' id='word_1_204' title='bbox 1064 1892 1174 1971; x_wconf 90' lang='lat' dir='ltr'><strong>aliquot</strong></span> 
     </span>
     <span class='ocr_line' id='line_1_22' title="bbox 174 1973 1174 2055; baseline -0.002 -14"><span class='ocrx_word' id='word_1_205' title='bbox 174 1979 235 2041; x_wconf 90' lang='lat' dir='ltr'><strong>dies</strong></span> <span class='ocrx_word' id='word_1_206' title='bbox 246 1979 283 2039; x_wconf 87' lang='lat' dir='ltr'><strong>ed</strong></span> <span class='ocrx_word' id='word_1_207' title='bbox 298 1977 455 2038; x_wconf 87' lang='lat' dir='ltr'><strong>arbitrium</strong></span> <span class='ocrx_word' id='word_1_208' title='bbox 471 1975 640 2054; x_wconf 80' lang='lat' dir='ltr'><strong>prudentis,</strong></span> <span class='ocrx_word' id='word_1_209' title='bbox 652 1974 746 2037; x_wconf 82' lang='lat' dir='ltr'><strong>donec</strong></span> <span class='ocrx_word' id='word_1_210' title='bbox 757 1974 834 2035; x_wconf 83' lang='lat' dir='ltr'><strong>vires</strong></span> <span class='ocrx_word' id='word_1_211' title='bbox 850 1973 1032 2055; x_wconf 81' lang='lat' dir='ltr'><strong>reficiuntur.</strong></span> <span class='ocrx_word' id='word_1_212' title='bbox 1046 1976 1088 2036; x_wconf 89' lang='lat' dir='ltr'><strong>lta</strong></span> <span class='ocrx_word' id='word_1_213' title='bbox 1102 1995 1174 2039; x_wconf 83' lang='lat' dir='ltr'><strong>cour·</strong></span> 
     </span>
     <span class='ocr_line' id='line_1_23' title="bbox 173 2054 1172 2134; baseline -0.008 -8"><span class='ocrx_word' id='word_1_214' title='bbox 173 2065 304 2126; x_wconf 87' lang='lat' dir='ltr'><strong>maniter</strong></span> <span class='ocrx_word' id='word_1_215' title='bbox 317 2064 400 2121; x_wconf 87' lang='lat' dir='ltr'><strong>Cont.</strong></span> <span class='ocrx_word' id='word_1_216' title='bbox 420 2063 529 2119; x_wconf 80' lang='grc'><strong>75555.</strong></span> <span class='ocrx_word' id='word_1_217' title='bbox 543 2057 578 2118; x_wconf 88' lang='lat' dir='ltr'><strong>dc</strong></span> <span class='ocrx_word' id='word_1_218' title='bbox 593 2054 658 2118; x_wconf 81' lang='lat' dir='ltr'><strong>leur.</strong></span> <span class='ocrx_word' id='word_1_219' title='bbox 672 2077 740 2119; x_wconf 87' lang='grc'><strong>555.</strong></span> <span class='ocrx_word' id='word_1_220' title='bbox 751 2065 820 2121; x_wconf 80' lang='lat' dir='ltr'><strong>sect.</strong></span> <span class='ocrx_word' id='word_1_221' title='bbox 837 2058 867 2117; x_wconf 92' lang='grc'><strong>7.</strong></span> <span class='ocrx_word' id='word_1_222' title='bbox 886 2078 914 2118; x_wconf 90' lang='grc'><strong>5.</strong></span> <span class='ocrx_word' id='word_1_223' title='bbox 926 2060 1026 2134; x_wconf 74' lang='lat' dir='ltr'><strong>Quae.</strong></span> <span class='ocrx_word' id='word_1_224' title='bbox 1042 2060 1072 2124; x_wconf 76' lang='grc'><strong>7.</strong></span> <span class='ocrx_word' id='word_1_225' title='bbox 1089 2062 1172 2121; x_wconf 77' lang='lat' dir='ltr'><strong>Corio.</strong></span> 
     </span>
     <span class='ocr_line' id='line_1_24' title="bbox 171 2140 1172 2229; baseline -0.003 -21"><span class='ocrx_word' id='word_1_226' title='bbox 171 2167 204 2229; x_wconf 84' lang='lat' dir='ltr'><strong>p.</strong></span> <span class='ocrx_word' id='word_1_227' title='bbox 216 2149 283 2209; x_wconf 89' lang='grc'><strong>497.</strong></span> <span class='ocrx_word' id='word_1_228' title='bbox 300 2166 333 2207; x_wconf 80' lang='lat' dir='ltr'><strong>aa.</strong></span> <span class='ocrx_word' id='word_1_229' title='bbox 351 2148 381 2206; x_wconf 89' lang='grc'><strong>5.</strong></span> <span class='ocrx_word' id='word_1_230' title='bbox 393 2140 478 2205; x_wconf 84' lang='lat' dir='ltr'><strong>Elbel</strong></span> <span class='ocrx_word' id='word_1_231' title='bbox 483 2162 516 2223; x_wconf 84' lang='lat' dir='ltr'><strong>p.</strong></span> <span class='ocrx_word' id='word_1_232' title='bbox 531 2143 599 2203; x_wconf 87' lang='grc'><strong>504.</strong></span> <span class='ocrx_word' id='word_1_233' title='bbox 611 2145 713 2207; x_wconf 74' lang='lat' dir='ltr'><strong>aaut.</strong></span> <span class='ocrx_word' id='word_1_234' title='bbox 728 2150 755 2205; x_wconf 87' lang='lat' dir='ltr'><strong>ct</strong></span> <span class='ocrx_word' id='word_1_235' title='bbox 769 2140 825 2203; x_wconf 85' lang='lat' dir='ltr'><strong>olii</strong></span> <span class='ocrx_word' id='word_1_236' title='bbox 835 2144 993 2223; x_wconf 70' lang='lat' dir='ltr'><strong>desupra</strong></span> <span class='ocrx_word' id='word_1_237' title='bbox 1007 2142 1111 2211; x_wconf 63' lang='lat' dir='ltr'><strong>cludit</strong></span> <span class='ocrx_word' id='word_1_238' title='bbox 1122 2144 1172 2205; x_wconf 89' lang='lat' dir='ltr'><strong>boc</strong></span> 
     </span>
     <span class='ocr_line' id='line_1_25' title="bbox 172 2224 1170 2302; baseline -0.006 -9"><span class='ocrx_word' id='word_1_239' title='bbox 172 2233 406 2298; x_wconf 84' lang='lat' dir='ltr'><strong>admittendum,</strong></span> <span class='ocrx_word' id='word_1_240' title='bbox 420 2227 534 2289; x_wconf 89' lang='lat' dir='ltr'><strong>etiamsi</strong></span> <span class='ocrx_word' id='word_1_241' title='bbox 546 2227 594 2289; x_wconf 88' lang='lat' dir='ltr'><strong>isti</strong></span> <span class='ocrx_word' id='word_1_242' title='bbox 605 2229 724 2293; x_wconf 81' lang='lat' dir='ltr'><strong>missam</strong></span> <span class='ocrx_word' id='word_1_243' title='bbox 737 2226 936 2302; x_wconf 82' lang='lat' dir='ltr'><strong>celebrarem,</strong></span> <span class='ocrx_word' id='word_1_244' title='bbox 951 2237 983 2291; x_wconf 92' lang='lat' dir='ltr'><strong>ut</strong></span> <span class='ocrx_word' id='word_1_245' title='bbox 997 2224 1092 2295; x_wconf 75' lang='lat' dir='ltr'><strong>Salar·</strong></span> <span class='ocrx_word' id='word_1_246' title='bbox 1106 2226 1170 2291; x_wconf 82' lang='lat' dir='ltr'><strong>dict.</strong></span> 
     </span>
     <span class='ocr_line' id='line_1_26' title="bbox 172 2313 1112 2379; baseline -0.009 0"><span class='ocrx_word' id='word_1_247' title='bbox 172 2337 205 2379; x_wconf 93' lang='grc'><strong>5.</strong></span> <span class='ocrx_word' id='word_1_248' title='bbox 226 2320 274 2378; x_wconf 88' lang='grc'><strong>55.</strong></span> <span class='ocrx_word' id='word_1_249' title='bbox 287 2336 353 2378; x_wconf 78' lang='lat' dir='ltr'><strong>curu</strong></span> <span class='ocrx_word' id='word_1_250' title='bbox 367 2313 448 2375; x_wconf 83' lang='lat' dir='ltr'><strong>aliia.</strong></span> <span class='ocrx_word' id='word_1_251' title='bbox 891 2360 894 2375; x_wconf 92' lang='lat'>.</span> <span class='ocrx_word' id='word_1_252' title='bbox 992 2359 995 2373; x_wconf 91' lang='grc'>,</span> <span class='ocrx_word' id='word_1_253' title='bbox 1040 2368 1045 2379; x_wconf 77' lang='grc'><em>,</em></span> <span class='ocrx_word' id='word_1_254' title='bbox 1108 2370 1112 2379; x_wconf 74' lang='grc'><strong>,</strong></span> 
     </span>
    </p>

    <p class='ocr_par' dir='ltr' id='par_1_4' title="bbox 169 2396 1209 3153">
     <span class='ocr_line' id='line_1_27' title="bbox 210 2396 1171 2477; baseline -0.008 -12"><span class='ocrx_word' id='word_1_255' title='bbox 210 2401 378 2465; x_wconf 88' lang='lat' dir='ltr'><strong>Notandum</strong></span> <span class='ocrx_word' id='word_1_256' title='bbox 399 2400 452 2461; x_wconf 89' lang='lat'>111.</span> <span class='ocrx_word' id='word_1_257' title='bbox 480 2397 560 2477; x_wconf 86' lang='lat' dir='ltr'><strong>qubd</strong></span> <span class='ocrx_word' id='word_1_258' title='bbox 581 2398 612 2459; x_wconf 89' lang='lat' dir='ltr'><strong>in</strong></span> <span class='ocrx_word' id='word_1_259' title='bbox 629 2396 738 2469; x_wconf 83' lang='lat' dir='ltr'><strong>dubio,</strong></span> <span class='ocrx_word' id='word_1_260' title='bbox 760 2416 799 2459; x_wconf 89' lang='lat' dir='ltr'><strong>an</strong></span> <span class='ocrx_word' id='word_1_261' title='bbox 811 2396 970 2461; x_wconf 82' lang='lat' dir='ltr'><strong>infirmitas</strong></span> <span class='ocrx_word' id='word_1_262' title='bbox 989 2396 1115 2463; x_wconf 81' lang='lat' dir='ltr'><strong>subiciat</strong></span> <span class='ocrx_word' id='word_1_263' title='bbox 1130 2396 1171 2458; x_wconf 77' lang='grc'><strong>557</strong></span> 
     </span>
     <span class='ocr_line' id='line_1_28' title="bbox 173 2481 1190 2561; baseline -0.003 -13"><span class='ocrx_word' id='word_1_264' title='bbox 173 2505 210 2548; x_wconf 95' lang='grc'><strong>55</strong></span> <span class='ocrx_word' id='word_1_265' title='bbox 229 2486 265 2544; x_wconf 93' lang='lat' dir='ltr'><strong>ad</strong></span> <span class='ocrx_word' id='word_1_266' title='bbox 285 2481 481 2545; x_wconf 86' lang='lat' dir='ltr'><strong>excusandum</strong></span> <span class='ocrx_word' id='word_1_267' title='bbox 494 2527 503 2552; x_wconf 77' lang='grc'><em>,</em></span> <span class='ocrx_word' id='word_1_268' title='bbox 514 2491 609 2560; x_wconf 87' lang='lat' dir='ltr'><strong>potest</strong></span> <span class='ocrx_word' id='word_1_269' title='bbox 625 2501 657 2541; x_wconf 89' lang='lat' dir='ltr'><strong>sc</strong></span> <span class='ocrx_word' id='word_1_270' title='bbox 669 2484 853 2547; x_wconf 85' lang='lat' dir='ltr'><strong>committere</strong></span> <span class='ocrx_word' id='word_1_271' title='bbox 865 2481 975 2558; x_wconf 87' lang='lat' dir='ltr'><strong>judicic</strong></span> <span class='ocrx_word' id='word_1_272' title='bbox 995 2481 1120 2559; x_wconf 84' lang='lat' dir='ltr'><strong>medici,</strong></span> <span class='ocrx_word' id='word_1_273' title='bbox 1139 2501 1172 2545; x_wconf 80' lang='lat' dir='ltr'><strong>ex</strong></span> <span class='ocrx_word' id='word_1_274' title='bbox 1188 2552 1190 2561; x_wconf 31' lang='lat'><strong>⁴</strong></span> 
     </span>
     <span class='ocr_line' id='line_1_29' title="bbox 171 2562 1170 2647; baseline -0.005 -15"><span class='ocrx_word' id='word_1_275' title='bbox 171 2565 422 2636; x_wconf 67' lang='lat' dir='ltr'><strong>cFroteruitatis,</strong></span> <span class='ocrx_word' id='word_1_276' title='bbox 433 2564 467 2625; x_wconf 87' lang='lat' dir='ltr'><strong>dc</strong></span> <span class='ocrx_word' id='word_1_277' title='bbox 476 2565 548 2647; x_wconf 72' lang='lat' dir='ltr'><strong>[rip.</strong></span> <span class='ocrx_word' id='word_1_278' title='bbox 562 2576 591 2626; x_wconf 84' lang='lat' dir='ltr'><strong>et</strong></span> <span class='ocrx_word' id='word_1_279' title='bbox 603 2564 674 2626; x_wconf 80' lang='lat' dir='ltr'><strong>caol.</strong></span> <span class='ocrx_word' id='word_1_280' title='bbox 689 2577 739 2627; x_wconf 88' lang='lat' dir='ltr'><strong>aut</strong></span> <span class='ocrx_word' id='word_1_281' title='bbox 748 2562 862 2645; x_wconf 84' lang='lat' dir='ltr'><strong>judicio</strong></span> <span class='ocrx_word' id='word_1_282' title='bbox 871 2564 1170 2645; x_wconf 82' lang='lat' dir='ltr'><strong>superiorisucquies·</strong></span> 
     </span>
     <span class='ocr_line' id='line_1_30' title="bbox 171 2649 1170 2730; baseline -0.004 -15"><span class='ocrx_word' id='word_1_283' title='bbox 171 2673 253 2725; x_wconf 87' lang='lat' dir='ltr'><strong>ccre‚</strong></span> <span class='ocrx_word' id='word_1_284' title='bbox 266 2652 316 2730; x_wconf 93' lang='lat' dir='ltr'><strong>qui</strong></span> <span class='ocrx_word' id='word_1_285' title='bbox 330 2652 362 2709; x_wconf 92' lang='lat' dir='ltr'><strong>in</strong></span> <span class='ocrx_word' id='word_1_286' title='bbox 380 2650 438 2709; x_wconf 88' lang='lat' dir='ltr'><strong>tali.</strong></span> <span class='ocrx_word' id='word_1_287' title='bbox 454 2649 544 2711; x_wconf 89' lang='lat' dir='ltr'><strong>dubio</strong></span> <span class='ocrx_word' id='word_1_288' title='bbox 560 2652 649 2711; x_wconf 90' lang='lat' dir='ltr'><strong>ctiam</strong></span> <span class='ocrx_word' id='word_1_289' title='bbox 671 2651 839 2729; x_wconf 84' lang='lat' dir='ltr'><strong>dispensare</strong></span> <span class='ocrx_word' id='word_1_290' title='bbox 853 2659 949 2728; x_wconf 87' lang='lat' dir='ltr'><strong>potest</strong></span> <span class='ocrx_word' id='word_1_291' title='bbox 960 2671 970 2723; x_wconf 82' lang='lat'>3</span> <span class='ocrx_word' id='word_1_292' title='bbox 982 2651 1027 2713; x_wconf 85' lang='lat' dir='ltr'><strong>vel</strong></span> <span class='ocrx_word' id='word_1_293' title='bbox 1048 2650 1170 2728; x_wconf 85' lang='lat' dir='ltr'><strong>deniquo</strong></span> 
     </span>
     <span class='ocr_line' id='line_1_31' title="bbox 170 2733 1168 2816; baseline -0.003 -19"><span class='ocrx_word' id='word_1_294' title='bbox 170 2745 266 2816; x_wconf 87' lang='lat' dir='ltr'><strong>potest</strong></span> <span class='ocrx_word' id='word_1_295' title='bbox 283 2753 314 2794; x_wconf 88' lang='lat' dir='ltr'><strong>se</strong></span> <span class='ocrx_word' id='word_1_296' title='bbox 325 2734 476 2793; x_wconf 86' lang='lat' dir='ltr'><strong>remittere</strong></span> <span class='ocrx_word' id='word_1_297' title='bbox 485 2733 596 2810; x_wconf 88' lang='lat' dir='ltr'><strong>judicio</strong></span> <span class='ocrx_word' id='word_1_298' title='bbox 608 2736 753 2813; x_wconf 89' lang='lat' dir='ltr'><strong>probabili</strong></span> <span class='ocrx_word' id='word_1_299' title='bbox 767 2737 824 2799; x_wconf 91' lang='lat' dir='ltr'><strong>viri</strong></span> <span class='ocrx_word' id='word_1_300' title='bbox 835 2734 1001 2813; x_wconf 87' lang='lat' dir='ltr'><strong>prudentis.</strong></span> <span class='ocrx_word' id='word_1_301' title='bbox 1015 2736 1058 2801; x_wconf 84' lang='lat' dir='ltr'><strong>lta</strong></span> <span class='ocrx_word' id='word_1_302' title='bbox 1069 2735 1168 2806; x_wconf 79' lang='lat' dir='ltr'><strong>Solus,</strong></span> 
     </span>
     <span class='ocr_line' id='line_1_32' title="bbox 169 2818 1168 2903; baseline 0 -21"><span class='ocrx_word' id='word_1_303' title='bbox 169 2820 291 2903; x_wconf 76' lang='lat' dir='ltr'><strong>Sploest.</strong></span> <span class='ocrx_word' id='word_1_304' title='bbox 303 2818 519 2881; x_wconf 71' lang='lat' dir='ltr'><strong>Succumbit.</strong></span> <span class='ocrx_word' id='word_1_305' title='bbox 532 2827 658 2880; x_wconf 76' lang='grc'><strong>5555555</strong></span> <span class='ocrx_word' id='word_1_306' title='bbox 669 2819 883 2881; x_wconf 68' lang='lat' dir='ltr'><strong>Scinditur.</strong></span> <span class='ocrx_word' id='word_1_307' title='bbox 894 2839 961 2883; x_wconf 81' lang='grc'><strong>555.</strong></span> <span class='ocrx_word' id='word_1_308' title='bbox 973 2839 998 2880; x_wconf 84' lang='lat' dir='ltr'><strong>c.</strong></span> <span class='ocrx_word' id='word_1_309' title='bbox 1009 2822 1039 2883; x_wconf 82' lang='grc'><strong>5.</strong></span> <span class='ocrx_word' id='word_1_310' title='bbox 1050 2838 1090 2899; x_wconf 66' lang='lat' dir='ltr'><strong>p.»</strong></span> <span class='ocrx_word' id='word_1_311' title='bbox 1098 2822 1128 2881; x_wconf 84' lang='grc'><strong>6.</strong></span> <span class='ocrx_word' id='word_1_312' title='bbox 1143 2820 1168 2900; x_wconf 68' lang='lat' dir='ltr'><strong>§a</strong></span> 
     </span>
     <span class='ocr_line' id='line_1_33' title="bbox 171 2903 1168 2984; baseline -0.001 -16"><span class='ocrx_word' id='word_1_313' title='bbox 171 2911 200 2968; x_wconf 92' lang='grc'><strong>7.</strong></span> <span class='ocrx_word' id='word_1_314' title='bbox 213 2926 247 2966; x_wconf 90' lang='grc'><strong>5.</strong></span> <span class='ocrx_word' id='word_1_315' title='bbox 261 2908 309 2967; x_wconf 93' lang='grc'><strong>50.</strong></span> <span class='ocrx_word' id='word_1_316' title='bbox 324 2907 359 2967; x_wconf 86' lang='lat' dir='ltr'><strong>Et</strong></span> <span class='ocrx_word' id='word_1_317' title='bbox 373 2904 462 2964; x_wconf 89' lang='lat' dir='ltr'><strong>ctiam</strong></span> <span class='ocrx_word' id='word_1_318' title='bbox 477 2913 554 2965; x_wconf 88' lang='lat' dir='ltr'><strong>starc</strong></span> <span class='ocrx_word' id='word_1_319' title='bbox 573 2914 668 2984; x_wconf 88' lang='lat' dir='ltr'><strong>potest</strong></span> <span class='ocrx_word' id='word_1_320' title='bbox 683 2904 794 2980; x_wconf 86' lang='lat' dir='ltr'><strong>judicic</strong></span> <span class='ocrx_word' id='word_1_321' title='bbox 811 2903 948 2984; x_wconf 74' lang='lat' dir='ltr'><strong>proprio,</strong></span> <span class='ocrx_word' id='word_1_322' title='bbox 965 2905 995 2967; x_wconf 85' lang='lat' dir='ltr'><strong>ai</strong></span> <span class='ocrx_word' id='word_1_323' title='bbox 1015 2903 1168 2983; x_wconf 60' lang='grc'><strong>75755557-</strong></span> 
     </span>
     <span class='ocr_line' id='line_1_34' title="bbox 170 2987 1209 3070; baseline -0.003 -18"><span class='ocrx_word' id='word_1_324' title='bbox 170 2992 249 3052; x_wconf 92' lang='lat' dir='ltr'><strong>cium</strong></span> <span class='ocrx_word' id='word_1_325' title='bbox 281 2990 405 3068; x_wconf 85' lang='lat' dir='ltr'><strong>ipsemet</strong></span> <span class='ocrx_word' id='word_1_326' title='bbox 428 2989 589 3070; x_wconf 84' lang='lat' dir='ltr'><strong>prudenter</strong></span> <span class='ocrx_word' id='word_1_327' title='bbox 613 2991 691 3051; x_wconf 87' lang='lat' dir='ltr'><strong>l&#39;crre</strong></span> <span class='ocrx_word' id='word_1_328' title='bbox 711 2990 823 3068; x_wconf 80' lang='lat' dir='ltr'><strong>possit,</strong></span> <span class='ocrx_word' id='word_1_329' title='bbox 853 2998 887 3050; x_wconf 89' lang='lat' dir='ltr'><strong>ut</strong></span> <span class='ocrx_word' id='word_1_330' title='bbox 913 2987 1107 3067; x_wconf 83' lang='lat' dir='ltr'><strong>probabiliter</strong></span> <span class='ocrx_word' id='word_1_331' title='bbox 1130 2988 1170 3049; x_wconf 85' lang='lat' dir='ltr'><strong>ait</strong></span> <span class='ocrx_word' id='word_1_332' title='bbox 1205 3028 1209 3038; x_wconf 70' lang='grc'><strong><em>»</em></strong></span> 
     </span>
     <span class='ocr_line' id='line_1_35' title="bbox 172 3070 1078 3153; baseline -0.007 -15"><span class='ocrx_word' id='word_1_333' title='bbox 172 3070 439 3153; x_wconf 64' lang='lat' dir='ltr'><strong>daimonareis</strong></span> <span class='ocrx_word' id='word_1_334' title='bbox 460 3092 493 3132; x_wconf 91' lang='grc'><strong>5.</strong></span> <span class='ocrx_word' id='word_1_335' title='bbox 506 3075 607 3133; x_wconf 65' lang='lat' dir='ltr'><strong>turb„</strong></span> <span class='ocrx_word' id='word_1_336' title='bbox 1076 3086 1078 3091; x_wconf 83' lang='grc'><em>·</em></span> 
     </span>
    </p>
   </div>
   <div class='ocr_carea' id='block_1_3' title="bbox 169 3157 1168 3657">
    <p class='ocr_par' dir='ltr' id='par_1_5' title="bbox 169 3157 1168 3657">
     <span class='ocr_line' id='line_1_36' title="bbox 207 3157 1168 3236; baseline -0.001 -19"><span class='ocrx_word' id='word_1_337' title='bbox 207 3157 264 3219; x_wconf 91' lang='lat' dir='ltr'><strong>Sed</strong></span> <span class='ocrx_word' id='word_1_338' title='bbox 275 3157 365 3236; x_wconf 90' lang='lat' dir='ltr'><strong>quid,</strong></span> <span class='ocrx_word' id='word_1_339' title='bbox 378 3158 404 3234; x_wconf 83' lang='lat' dir='ltr'><strong>ai</strong></span> <span class='ocrx_word' id='word_1_340' title='bbox 421 3157 467 3219; x_wconf 90' lang='lat' dir='ltr'><strong>his</strong></span> <span class='ocrx_word' id='word_1_341' title='bbox 484 3157 659 3235; x_wconf 81' lang='lat' dir='ltr'><strong>praemissis,</strong></span> <span class='ocrx_word' id='word_1_342' title='bbox 672 3157 768 3219; x_wconf 87' lang='lat' dir='ltr'><strong>adbuc</strong></span> <span class='ocrx_word' id='word_1_343' title='bbox 781 3157 906 3219; x_wconf 89' lang='lat' dir='ltr'><strong>dubium</strong></span> <span class='ocrx_word' id='word_1_344' title='bbox 917 3158 1168 3235; x_wconf 79' lang='lat' dir='ltr'><strong>persevcrcttlle·</strong></span> 
     </span>
     <span class='ocr_line' id='line_1_37' title="bbox 169 3238 1167 3319; baseline -0.003 -17"><span class='ocrx_word' id='word_1_345' title='bbox 169 3242 347 3316; x_wconf 81' lang='lat' dir='ltr'><strong>spondetur,</strong></span> <span class='ocrx_word' id='word_1_346' title='bbox 367 3242 392 3303; x_wconf 90' lang='lat' dir='ltr'><strong>si</strong></span> <span class='ocrx_word' id='word_1_347' title='bbox 409 3240 534 3303; x_wconf 91' lang='lat' dir='ltr'><strong>dubium</strong></span> <span class='ocrx_word' id='word_1_348' title='bbox 551 3243 610 3314; x_wconf 87' lang='lat' dir='ltr'><strong>sit,</strong></span> <span class='ocrx_word' id='word_1_349' title='bbox 631 3242 710 3319; x_wconf 85' lang='lat' dir='ltr'><strong>qubd</strong></span> <span class='ocrx_word' id='word_1_350' title='bbox 730 3238 862 3301; x_wconf 74' lang='lat' dir='ltr'><strong>recitatio</strong></span> <span class='ocrx_word' id='word_1_351' title='bbox 886 3242 1016 3319; x_wconf 76' lang='lat' dir='ltr'><strong>graviter</strong></span> <span class='ocrx_word' id='word_1_352' title='bbox 1033 3241 1167 3312; x_wconf 76' lang='lat' dir='ltr'><strong>lederet.</strong></span> 
     </span>
     <span class='ocr_line' id='line_1_38' title="bbox 170 3325 1167 3404; baseline 0 -19"><span class='ocrx_word' id='word_1_353' title='bbox 170 3334 242 3387; x_wconf 86' lang='lat' dir='ltr'><strong>tunc</strong></span> <span class='ocrx_word' id='word_1_354' title='bbox 260 3326 338 3387; x_wconf 83' lang='lat' dir='ltr'><strong>certd</strong></span> <span class='ocrx_word' id='word_1_355' title='bbox 354 3344 415 3389; x_wconf 88' lang='lat' dir='ltr'><strong>nan</strong></span> <span class='ocrx_word' id='word_1_356' title='bbox 433 3334 568 3397; x_wconf 79' lang='lat' dir='ltr'><strong>tenetur,</strong></span> <span class='ocrx_word' id='word_1_357' title='bbox 589 3326 681 3397; x_wconf 78' lang='lat' dir='ltr'><strong>imma</strong></span> <span class='ocrx_word' id='word_1_358' title='bbox 697 3327 801 3404; x_wconf 85' lang='lat' dir='ltr'><strong>nequit</strong></span> <span class='ocrx_word' id='word_1_359' title='bbox 819 3327 963 3403; x_wconf 86' lang='lat' dir='ltr'><strong>recitare,</strong></span> <span class='ocrx_word' id='word_1_360' title='bbox 984 3326 1054 3403; x_wconf 81' lang='lat' dir='ltr'><strong>quia</strong></span> <span class='ocrx_word' id='word_1_361' title='bbox 1069 3325 1167 3404; x_wconf 79' lang='lat' dir='ltr'><strong>prule·</strong></span> 
     </span>
     <span class='ocr_line' id='line_1_39' title="bbox 169 3408 1168 3490; baseline 0 -24"><span class='ocrx_word' id='word_1_362' title='bbox 169 3409 295 3489; x_wconf 82' lang='lat' dir='ltr'><strong>rendum</strong></span> <span class='ocrx_word' id='word_1_363' title='bbox 308 3416 351 3490; x_wconf 80' lang='lat' dir='ltr'><strong>est</strong></span> <span class='ocrx_word' id='word_1_364' title='bbox 364 3408 413 3484; x_wconf 80' lang='lat' dir='ltr'><strong>jus</strong></span> <span class='ocrx_word' id='word_1_365' title='bbox 427 3410 558 3471; x_wconf 88' lang='lat' dir='ltr'><strong>naturale</strong></span> <span class='ocrx_word' id='word_1_366' title='bbox 570 3411 727 3475; x_wconf 69' lang='lat' dir='ltr'><strong>servandae,</strong></span> <span class='ocrx_word' id='word_1_367' title='bbox 733 3409 906 3477; x_wconf 85' lang='lat' dir='ltr'><strong>valetudinis</strong></span> <span class='ocrx_word' id='word_1_368' title='bbox 918 3417 1064 3488; x_wconf 86' lang='lat' dir='ltr'><strong>praecepto</strong></span> <span class='ocrx_word' id='word_1_369' title='bbox 1076 3410 1168 3469; x_wconf 82' lang='lat' dir='ltr'><strong>Eccle-</strong></span> 
     </span>
     <span class='ocr_line' id='line_1_40' title="bbox 169 3491 1165 3575; baseline 0.002 -26"><span class='ocrx_word' id='word_1_370' title='bbox 169 3491 219 3550; x_wconf 84' lang='lat' dir='ltr'><strong>siae</strong></span> <span class='ocrx_word' id='word_1_371' title='bbox 230 3534 247 3561; x_wconf 81' lang='grc'><strong>,,</strong></span> <span class='ocrx_word' id='word_1_372' title='bbox 257 3500 291 3550; x_wconf 84' lang='grc' dir='ltr'><strong>ιιι</strong></span> <span class='ocrx_word' id='word_1_373' title='bbox 303 3492 406 3551; x_wconf 88' lang='lat' dir='ltr'><strong>dicunt</strong></span> <span class='ocrx_word' id='word_1_374' title='bbox 419 3493 494 3554; x_wconf 86' lang='lat' dir='ltr'><strong>Viuo</strong></span> <span class='ocrx_word' id='word_1_375' title='bbox 510 3493 543 3554; x_wconf 90' lang='lat' dir='ltr'><strong>dc</strong></span> <span class='ocrx_word' id='word_1_376' title='bbox 561 3497 693 3573; x_wconf 66' lang='grc'><strong>7.,55555.</strong></span> <span class='ocrx_word' id='word_1_377' title='bbox 710 3513 741 3575; x_wconf 76' lang='lat' dir='ltr'><strong>p.</strong></span> <span class='ocrx_word' id='word_1_378' title='bbox 758 3497 786 3557; x_wconf 89' lang='grc'><strong>5.</strong></span> <span class='ocrx_word' id='word_1_379' title='bbox 797 3512 830 3552; x_wconf 92' lang='grc'><strong>5.</strong></span> <span class='ocrx_word' id='word_1_380' title='bbox 845 3496 873 3553; x_wconf 86' lang='grc'><strong>0.</strong></span> <span class='ocrx_word' id='word_1_381' title='bbox 888 3513 924 3559; x_wconf 79' lang='grc'><strong>5.,</strong></span> <span class='ocrx_word' id='word_1_382' title='bbox 933 3497 962 3554; x_wconf 89' lang='grc'><strong>5.</strong></span> <span class='ocrx_word' id='word_1_383' title='bbox 974 3502 1002 3554; x_wconf 85' lang='lat' dir='ltr'><strong>et</strong></span> <span class='ocrx_word' id='word_1_384' title='bbox 1012 3491 1104 3557; x_wconf 79' lang='lat' dir='ltr'><strong>Satan.</strong></span> <span class='ocrx_word' id='word_1_385' title='bbox 1118 3491 1165 3552; x_wconf 85' lang='lat' dir='ltr'><strong>cit.</strong></span> 
     </span>
     <span class='ocr_line' id='line_1_41' title="bbox 171 3570 1166 3657; baseline 0.006 -25"><span class='ocrx_word' id='word_1_386' title='bbox 171 3590 203 3632; x_wconf 88' lang='grc'><strong>5.</strong></span> <span class='ocrx_word' id='word_1_387' title='bbox 220 3574 270 3633; x_wconf 90' lang='grc'><strong>50.</strong></span> <span class='ocrx_word' id='word_1_388' title='bbox 283 3590 348 3632; x_wconf 84' lang='lat' dir='ltr'><strong>cum</strong></span> <span class='ocrx_word' id='word_1_389' title='bbox 364 3570 452 3651; x_wconf 80' lang='lat' dir='ltr'><strong>aliie,-</strong></span> <span class='ocrx_word' id='word_1_390' title='bbox 468 3577 525 3636; x_wconf 89' lang='lat' dir='ltr'><strong>uisi</strong></span> <span class='ocrx_word' id='word_1_391' title='bbox 542 3577 574 3635; x_wconf 89' lang='lat' dir='ltr'><strong>id</strong></span> <span class='ocrx_word' id='word_1_392' title='bbox 586 3577 694 3639; x_wconf 81' lang='lat' dir='ltr'><strong>laceret</strong></span> <span class='ocrx_word' id='word_1_393' title='bbox 705 3597 806 3640; x_wconf 87' lang='lat' dir='ltr'><strong>amore</strong></span> <span class='ocrx_word' id='word_1_394' title='bbox 819 3579 953 3651; x_wconf 77' lang='lat' dir='ltr'><strong>virtutis,</strong></span> <span class='ocrx_word' id='word_1_395' title='bbox 968 3576 1081 3649; x_wconf 77' lang='grc'><strong>5557555</strong></span> <span class='ocrx_word' id='word_1_396' title='bbox 1094 3576 1166 3657; x_wconf 63' lang='lat' dir='ltr'><strong>peri*</strong></span> 
     </span>
    </p>
   </div>
   <div class='ocr_carea' id='block_1_4' title="bbox 0 0 1286 4165">
    <p class='ocr_par' dir='ltr' id='par_1_6' title="bbox 0 0 1286 4165">
     <span class='ocr_line' id='line_1_42' title="bbox 0 0 1286 4165; baseline 0 0"><span class='ocrx_word' id='word_1_397' title='bbox 0 0 1286 4165; x_wconf 95' lang='lat' dir='ltr'><strong> </strong></span> 
     </span>
    </p>
   </div>
  </div>
 </body>
</html>
