2620 4176
296 229 369 307 cop.
385 228 416 286 1.
427 230 472 289 De
484 233 595 287 reaturo
605 245 731 288 1111111,
744 244 812 287 arou.
827 225 881 310 lep.
892 227 973 290 Dab.
984 231 1017 289 1.
1103 231 1158 291 Edi

153 329 268 387 tionem
290 327 557 387 instrumentorum
571 345 632 387 non
647 345 709 386 esse
727 328 879 387 materiam
895 327 1093 400 essentialem,
1112 330 1162 390 sed

153 410 272 471 tantdm
297 409 506 482 accidentalem
526 453 534 482 ‚
559 411 613 475 etsi
641 411 826 489 integralem.
847 410 894 470 Ad
915 412 1065 472 decretum
1093 412 1162 472 verb

152 494 304 574 Ruperti,
326 494 486 572 respondet
495 492 629 569 Habert,
649 494 724 553 illud
743 495 858 554 editum
870 494 958 553 fuisse
976 495 1072 556 soluto
1093 512 1164 556 eon·

152 578 222 637 calio
234 598 243 653 3
257 578 310 638 sed
321 576 385 637 hee
397 579 549 655 responsio
562 576 638 637 nibil
653 579 750 649 volet,
764 576 828 653 jam
843 577 923 637 enim
942 579 1011 637 satis
1025 578 1165 656 probavi·

152 681 221 721 mus
241 659 297 723 tit.
309 664 339 723 1.
354 681 439 722 num.
454 664 523 722 110.
546 661 662 722 decreta
676 663 852 723 Pontificum
875 680 937 722 esse
958 681 1058 740 perse
1077 665 1165 725 infal-

150 747 259 806 libilia.
271 744 488 825 congruentiis
501 748 601 826 itaque
613 747 807 826 respondetur
822 765 890 807 cum
908 745 1068 825 Merbest'o,
1088 750 1165 809 Con-

150 832 243 909 eino,
266 841 297 891 et
314 835 443 902 Toum,
464 831 544 908 qudd
566 833 719 913 Eupeoius
741 851 802 893 non
819 833 939 910 quidem
956 834 1164 895 determinavit

149 918 309 979 materiam
321 916 505 977 essentialem
524 915 661 987 ordinis,
673 916 723 975 sed
745 915 842 977 soldm
855 916 950 977 voluit
964 918 1107 977 Armenes
1116 918 1163 977 in·
1192 941 1196 949 ·

149 1011 267 1062 struere
286 999 325 1058 de
338 996 419 1060 omni
442 996 504 1059 ritu
523 999 657 1058 Ecclesiae
677 996 828 1070 romanae,
850 999 933 1076 eujus
946 999 1097 1061 'unionem
1117 1002 1161 1062 illi

149 1086 334 1145 ambiebant.
352 1085 457 1144 Dices:
477 1082 632 1162 Eupeoius
647 1101 708 1143 non
731 1085 864 1161 loquitur
879 1085 917 1143 de
941 1085 1024 1158 ritu,
1044 1085 1095 1146 sed
1117 1103 1155 1147 cx

148 1168 250 1249 presse
261 1169 300 1229 de
309 1169 449 1245 materia;
461 1179 490 1229 et
499 1170 574 1228 sicut
588 1168 620 1226 in
631 1169 696 1226 aliis
703 1167 890 1227 sacramentis
904 1169 1056 1229 materiam
1065 1189 1163 1230 essen·

149 1256 252 1315 tialem
270 1252 415 1331 assignat,
431 1253 519 1312 sicin
546 1253 603 1312 isto
626 1252 664 1311 de
688 1252 816 1324 ordine,
840 1251 940 1311 dicens
954 1275 961 1311 :
977 1253 1098 1314 Sestum
1120 1261 1164 1314 est

148 1337 283 1409 ordinis,
299 1337 385 1418 cujus
401 1335 528 1398 moterlo
540 1332 689 1409 octiduo,
705 1355 759 1416 per
780 1341 829 1413 cuj
833 1355 865 1396 us
886 1335 1074 1397 traditionem
1093 1357 1161 1398 eon·

148 1423 248 1503 sertor
261 1419 345 1481 ordo.
362 1421 534 1499 Respondeo
549 1421 601 1478 :Si
616 1419 671 1480 boc
680 1429 723 1480 cst
739 1436 863 1490 verum,
877 1430 1067 1498 sequeretur,
1081 1421 1160 1500 qued

148 1508 240 1567 etiam
250 1513 453 1569 1111111111]
466 1503 628 1580 quemlibet
643 1504 794 1564 minorum
814 1503 955 1565 ordinum
979 1523 1040 1565 esse
1054 1524 1159 1565 sacra-

150 1599 287 1650 mentum
301 1610 310 1663 3
326 1589 378 1649 sed
392 1587 446 1665 ipsi
459 1585 554 1647 Soloe.
568 1587 604 1649 de
617 1587 718 1649 ordine
728 1606 754 1647 e.
766 1591 793 1648 l.
806 1606 839 1669 p.
854 1591 883 1648 1.
896 1586 965 1649 dub.
979 1591 1006 1648 1.
1024 1609 1057 1649 o.
1073 1592 1120 1650 11.
1131 1596 1160 1649 et

151 1673 473 1745 secerneremur.
491 1673 582 1752 Vosq.
598 1671 701 1749 dicunt
714 1675 882 1750 oppositum
898 1691 960 1732 esse
980 1674 1155 1752 probabile,

148 1760 242 1836 idque
262 1756 444 1837 probabilius
459 1772 522 1815 esse
536 1756 726 1833 probabimus
746 1756 820 1815 iniri
832 1775 865 1815 o.
879 1755 1027 1818 7511111
1041 1759 1159 1820 ordines

145 1843 282 1904 minores
291 1840 432 1901 etiamab
447 1840 603 1899 abbatibus
616 1841 816 1901 conterantur.
827 1840 971 1899 Necvalet
983 1841 1158 1903 dicerecum

152 1929 249 2002 Vosq.
262 1923 376 2005 Major.
395 1931 424 1983 et
444 1920 514 1984 otiis
527 1922 610 2003 opud
630 1921 762 1982 Potoom
779 1931 817 1980 tr.
830 1924 879 1980 17.
894 1920 925 1980 d.
942 1941 996 1981 uo.
1010 1942 1043 2002 p.
1060 1927 1107 1984 11.
1124 1946 1156 1985 o.

145 2013 201 2069 10.
215 2007 294 2086 qudd
312 2010 344 2067 in
357 2008 460 2068 eodem
479 2007 597 2067 decreto
608 2004 736 2086 Eupenii
752 2005 910 2082 Episcopus
927 2015 1051 2065 vocatur
1068 2010 1158 2069 mini·

145 2104 213 2155 ster
224 2090 389 2153 crdinarius
398 2093 571 2155 sacramenti
588 2092 721 2151 ordinis:
737 2088 808 2166 crgd
822 2087 867 2166 (ut
878 2089 973 2166 ajunt)
987 2101 1105 2166 possunt
1121 2112 1157 2153 ex

146 2178 307 2258 privilegio
330 2179 420 2238 etiam
447 2178 519 2249 alii,
548 2176 635 2254 quim
663 2174 819 2254 Episcopi,
837 2191 898 2233 esse
915 2173 1042 2232 ministri
1070 2174 1158 2252 hujus

144 2260 420 2323 sacramentilt'am
432 2279 511 2339 resp.
527 2259 607 2338 qudd
618 2261 641 2318 si
651 2257 811 2332 hocesset,
828 2258 915 2316 etiam
937 2256 1157 2334 presbyteratus

145 2357 248 2427 posset
259 2347 416 2424 aliquando
445 2347 571 2406 conferri
588 2345 603 2404 1
621 2363 680 2405 non
701 2344 866 2420 Episcop03
884 2341 935 2402 sed
949 2340 1005 2401 boe
1025 2358 1159 2404 eommu-

146 2432 231 2491 niter
242 2430 396 2508 rejicitur,
416 2429 560 2509 quidquid
578 2430 655 2488 dicat
668 2430 757 2507 Vasq.
774 2427 859 2487 Unde
878 2427 1059 2497 dicendum,
1077 2428 1158 2506 qudd

145 2515 304 2594 Eopcoius
316 2513 384 2574 edm
398 2515 562 2574 nominavit
574 2513 745 2572 ministrum
758 2510 955 2581 ordinarium,
965 2510 1067 2588 utique
1076 2512 1159 2574 intel·
1190 2536 1192 2540 ’

145 2599 222 2658 lenit
232 2599 317 2676 loqui
330 2599 362 2658 in
375 2597 504 2675 subjecta
518 2597 641 2657 materia
653 2594 817 2656 secundum
831 2608 948 2655 sensum
962 2594 1025 2654 DD.
1036 2604 1066 2656 et
1085 2614 1157 2658 eon·

146 2689 276 2741 stantem
288 2683 421 2742 Ecclesioe
437 2681 626 2742 traditionem
642 2682 723 2740 utait
741 2683 852 2741 Touru.
869 2676 1042 2739 torreto.
1065 2679 1152 2743 tlteol.

145 2765 186 2827 de
201 2783 261 2827 aee.
279 2765 344 2828 ord.
359 2775 464 2846 quest.
480 2772 511 2826 1.
539 2768 644 2827 (11.1.
670 2762 760 2826 couci.
781 2766 812 2825 1.
830 2780 936 2844 nempe
952 2762 1031 2843 qudd
1056 2767 1155 2846 priva·

145 2849 264 2911 111111
285 2852 462 2929 Episcopum
482 2858 592 2928 spectat
610 2851 743 2911 eoulerre
763 2848 897 2910 ordinem
918 2850 1156 2929 presbyteratds,

146 2942 181 2993 ct
200 2933 396 3010 diaconatds3
416 2934 546 3011 reliquos
563 2933 635 2995 verb
655 2933 829 3006 inferiores,
852 2943 955 3010 utpote
976 2952 1037 2994 non
1062 2952 1157 2993 sacra·

146 3025 271 3088 menta,
284 3036 368 3096 posse
379 3018 443 3077 aliis
461 3019 614 3078 committi.
626 3020 701 3078 lline
721 3020 977 3095 censeturEupeo.
987 3060 996 3088 ,
1008 3016 1158 3093 loquendo

146 3102 190 3162 de
216 3112 400 3164 sacramento
425 3102 554 3174 ordinis,
572 3113 632 3163 non
660 3103 759 3161 omnia
786 3099 949 3177 dogmatice
979 3101 1156 3173 asseruisse,

146 3186 200 3246 sed
220 3188 254 3247 in
270 3188 408 3266 pluribus
429 3204 461 3246 se
489 3186 720 3246 accommodasse
739 3184 777 3245 ad
802 3199 990 3243 communem
1016 3182 1156 3259 loquendi

146 3270 295 3346 modum,
316 3287 435 3349 queres
452 3271 485 3329 in
500 3279 613 3348 septem
633 3267 788 3327 ordinibus
800 3265 960 3336 adbibitae,
974 3273 1076 3342 utpote
1095 3266 1156 3325 dis-

145 3354 264 3415 crimen
284 3354 515 3432 uniuseujusque
536 3351 648 3414 ordinis
670 3347 835 3426 expressids
849 3346 1063 3426 significatos,
1078 3358 1155 3411 oem-

146 3439 280 3499 muniter
297 3446 441 3500 vorantur
453 3437 575 3503 materia
595 3440 857 3497 sacramentorum.
