2610 4186
358 258 430 341 Gap.
448 260 477 320 1.
494 260 540 322 De
555 257 654 347 floreta
666 258 815 341 baptismi.
834 260 913 325 Dab.
929 264 960 325 i.
1094 267 1153 330 553

148 359 184 425 aie
197 359 280 444 bapt.
297 375 328 442 q.
344 359 372 422 l.
383 367 442 420 art.
451 361 481 420 1.
490 360 537 421 tit.
546 356 625 421 8616.
638 359 697 443 obj.
712 360 745 422 in
753 358 821 423 init.
834 361 987 424 a.Instab.
998 363 1036 424 at
1047 366 1154 446 proba*-

146 443 238 506 hiliis
260 445 368 520 negant
388 438 578 504 86111111.
600 461 625 503 a.
638 445 667 504 5.
683 462 717 524 p.
738 446 768 503 1.
783 446 879 506 nil.
897 463 963 506 enm
979 449 1056 508 Bon.
1078 450 1151 512 661.

146 531 242 590 liena.
254 533 282 588 et
295 522 407 585 leand.
428 542 457 604 q.
477 525 526 585 11.
546 543 612 585 nam
627 524 981 600 1161161666111616,
1002 529 1151 608 Candido,

146 618 199 672 eta.
212 609 297 670 Ratio
308 650 316 681 ‚
329 607 398 687 quia
416 608 449 669 in
467 609 558 668 latino
579 609 718 670 idiomate
736 609 917 689 frequentiirs
932 619 1065 673 tacentur
1076 632 1153 692 praa·
1254 631 1258 639 ’

79 687 82 693 ’
146 694 405 773 positiones‚·quae
424 692 619 772 percipiendae
638 702 707 755 snnt
726 693 762 753 sd
780 695 912 755 debitam
935 697 1073 774 loquendi
1086 715 1153 758 ma·

145 778 218 838 dum
230 794 240 850 ς
251 774 348 849 unde,
366 776 500 852 quamvis
518 773 567 836 hle
583 778 740 838 reticeatur
759 784 790 836 to
809 777 863 853 in,
880 789 977 839 tamen
994 778 1153 842 6666166-

143 856 328 938 intelligitur
346 876 382 918 ea
406 858 503 919 dehita
524 860 653 920 ministri
674 861 855 933 intentione,
881 880 935 941 per
956 881 1044 940 quam
1060 864 1150 925 rerba

144 943 248 1021 iormoe
261 950 508 1002 sacramentorum
520 940 617 1019 potitis
627 944 662 1003 ad
674 962 768 1004 tanum
781 943 868 1022 quim
881 946 917 1006 ad
931 947 1021 1006 alium
1032 964 1150 1009 sensum

144 1024 401 1107 determinantem
421 1023 503 1084 tantb
522 1025 612 1103 magis
632 1026 711 1104 qubd
731 1027 827 1089 adhue
847 1047 982 1107 expresso
996 1029 1148 1103 asebnia,

145 1108 235 1169 otiam
261 1116 292 1169 to
315 1106 433 1170 nemine
459 1115 592 1169 remanet
622 1112 825 1190 aequivocam,
848 1114 916 1188 quia
941 1115 1031 1173 etiam
1053 1120 1149 1191 poten

143 1191 300 1269 significari
319 1193 492 1252 auctoritate
509 1193 556 1251 ael
574 1203 715 1270 potestate
738 1195 855 1267 divini,
871 1205 959 1273 prout
975 1197 1149 1275 significavit

64 1341 68 1347 ,
142 1274 277 1336 61616166
294 1275 455 1348 Dominus,
470 1275 538 1335 edm
556 1275 650 1339 dixit:
669 1280 708 1337 In
722 1279 840 1338 nornine
853 1294 916 1340 naeo
929 1278 1076 1340 11116116
1093 1279 1148 1360 eji-

141 1356 228 1418 cient.
250 1360 287 1419 Et
302 1359 372 1418 alibi
390 1379 398 1416 r
418 1356 549 1439 Spiritus
570 1358 757 1438 Parasitus,
783 1379 869 1450 qoem
886 1362 981 1423 naitlet
1001 1365 1093 1425 Pater
1112 1363 1148 1426 in

141 1440 261 1503 nantino
281 1459 356 1503 tneo.
371 1444 439 1501 liare
454 1443 577 1504 secanda
594 1447 758 1517 sententia,
775 1445 900 1525 spectati
916 1447 1049 1520 ratione,
1071 1447 1146 1509 mihi

141 1524 261 1586 videtur
280 1527 395 1598 verior,
409 1525 459 1585 sed
473 1522 540 1586 edm
554 1537 657 1605 agatur
672 1529 709 1588 de
723 1529 823 1590 valore
840 1532 1012 1590 sacramenti
1023 1574 1030 1601 ‚
1043 1531 1147 1593 saltem

126 1608 182 1669 'ob
194 1607 398 1669 auctoritatem
420 1608 485 1670 Ill).
501 1608 657 1672 diaereml
673 1612 766 1688 prima
784 1630 843 1674 non
859 1612 1065 1675 recedendum.
1077 1615 1146 1677 ldob
1166 1626 1168 1629 ’

139 1692 220 1753 reete
241 1692 283 1752 sit
308 1692 397 1761 Cone„
418 1690 498 1771 qubd
521 1693 585 1753 talis
610 1696 730 1756 omissio
765 1714 824 1757 non
851 1704 948 1776 posset
973 1699 1103 1761 excusari
1126 1696 1144 1760 a

139 1777 271 1837 mortali.
496 1801 498 1804 ⁴

178 1859 338 1923 Dubitatar
360 1861 390 1921 il.
414 1859 521 1922 Utrdm
539 1861 632 1922 valeat
655 1863 816 1942 baptismus
833 1865 954 1926 collatus
973 1867 1088 1929 tantdm
1109 1871 1143 1944 in

139 1944 260 2007 nomine
281 1943 415 2006 Cbristi?
434 1946 565 2007 Dubium
585 1947 735 2008 orituros
757 1947 853 2023 serbis
868 1950 926 2009 lllls
947 1951 1090 2017 statana.
1110 1956 1140 2014 8.

139 2026 187 2103 γ’.
209 2029 258 2090 li.
277 2029 329 2089 ubl
353 2028 461 2090 dieitur
478 2048 486 2088 a
507 2031 546 2089 ln
564 2028 682 2090 nomine
704 2029 814 2090 Cbristi
828 2029 1057 2113 baptizabantur
1070 2028 1140 2095 aiei.

138 2115 176 2185 Et
192 2130 228 2173 ex
242 2119 322 2175 textu
336 2113 367 2173 ln
379 2130 403 2175 o.
416 2113 457 2173 de
467 2109 654 2195 6661161161
668 2130 793 2175 sooner.
808 2111 877 2176 dist.
888 2116 919 2176 1.
936 2115 988 2175 abi
1000 2113 1142 2179 Nicatoras

137 2194 216 2275 Papa
238 2198 274 2257 ad
303 2196 422 2274 quaesita
446 2195 638 2275 Balgarornm
659 2200 700 2257 sie
724 2197 901 2275 respondit:
925 2196 969 2257 Hi
988 2196 1139 2278 profecti,

137 2279 168 2343 si
181 2279 215 2341 in
232 2280 349 2343 nomine
363 2281 415 2348 88.
433 2278 607 2358 Trinitatis,
625 2278 673 2363 aab
687 2276 805 2342 tantine
822 2279 856 2340 in
870 2280 988 2341 nomine
1008 2280 1120 2343 Christi
1127 2327 1138 2359 ,

137 2364 214 2425 61611
230 2365 264 2425 in
279 2363 370 2428 Aetib.
385 2360 507 2445 apostol.
524 2360 649 2445 tepitnr,
665 2363 810 2446 baptizati
825 2372 897 2431 stant
910 2362 1016 2446 (attam
1030 2363 1137 2445 qnippe

135 2446 269 2530 ideaque
280 2456 341 2523 est,
360 2455 395 2508 61
410 2454 530 2508 sanatas
542 2448 587 2526 ait
598 2445 779 2528 Ambrosias]
794 2490 803 2518 ‚
817 2444 998 2529 rebaptizari
1011 2466 1072 2508 non
1089 2445 1139 2508 aa·

136 2528 214 2593 beat.
236 2530 345 2593 Revera
364 2539 464 2591 antem
485 2531 517 2594 8.
531 2531 700 2593 Ambrosias
716 2528 737 2591 1.
759 2532 790 2591 1.
802 2529 837 2591 de
855 2529 1050 2610 8611161616
1068 2550 1093 2592 o.
1105 2532 1135 2591 5.

136 2615 178 2674 sie
195 2615 311 2693 scripsit
332 2636 341 2673 ε
369 2612 430 2688 Qui
447 2612 623 2676 benedicitur
639 2614 673 2675 in
689 2614 818 2689 cbristo,
829 2611 1013 2676 'benedicitur
1029 2613 1063 2675 in
1081 2632 1137 2676 no·
1249 2686 1252 2691 .

133 2697 215 2758 mine
233 2699 350 2773 Patria,
364 2706 392 2758 et
403 2695 493 2771 Filii,
504 2697 674 2779 etSpiaitais
685 2695 796 2770 sanati,
811 2695 884 2778 qaia
897 2715 991 2759 nnana
1011 2716 1134 2776 nomen,

44 2816 47 2823 ·
134 2787 262 2861 potestas
272 2782 396 2842 nna.Et
406 2778 527 2862 oetbiops
538 2781 686 2843 16166666
697 2779 840 2842 Candaei
850 2779 958 2861 rapine
967 2778 1138 2864 baptizatas

135 2864 169 2923 ia
185 2863 317 2938 cbristo,
330 2862 453 2944 pienaan
471 2864 644 2946 mysterium
661 2871 827 2926 6611111166
844 2872 898 2945 est.

174 2947 232 3008 Sed
248 2946 337 3015 hodie
354 2956 467 3007 eertum
487 2959 531 3008 est
549 2947 629 3009 hune
641 2949 819 3026 baptismum
831 2965 892 3008 esse
905 2947 1066 3008 invalidum
1080 2991 1089 3020 ‚
1102 2957 1137 3009 ut

134 3048 237 3092 omnes
253 3032 449 3092 communiter
460 3029 566 3091 dorent
579 3048 647 3092 eum
661 3033 693 3092 8.
710 3027 765 3092 Tb.
781 3034 810 3091 5.
824 3048 856 3111 p.
874 3048 926 3111 qn.
952 3032 1001 3090 66.
1022 3036 1080 3088 are.
1104 3032 1134 3089 6.

134 3116 228 3192 ldqne
238 3113 539 3192 habeturexpressam
553 3114 586 3172 in
596 3131 622 3173 a.
636 3113 836 3174 8166661656.
847 3110 1012 3173 1166616661.
1022 3111 1091 3173 dist.
1103 3116 1132 3173 1.

133 3194 329 3277 nbiPelapias
339 3199 416 3278 Papa
422 3198 497 3258 dixit
509 3217 518 3255 ε
529 3195 565 3256 Si
572 3193 606 3256 bi
615 3212 644 3256 se
652 3191 831 3255 solummedb
844 3192 876 3254 ia
887 3192 1003 3254 1611111
1011 3193 1137 3254 Domini

132 3279 297 3362 baptizatas
317 3277 410 3362 [11161
428 3277 622 3362 confitentur,
644 3279 707 3338 sine
728 3274 932 3356 enjnsannaqaa
944 3273 1136 3339 dubitationis

131 3363 270 3445 ambipno
291 3381 337 3427 eos
353 3364 393 3425 ad
404 3362 493 3444 fidem
509 3358 682 3424 catholicam
700 3358 845 3420 venientes
862 3358 895 3418 in
906 3359 958 3420 88.
979 3359 1135 3423 Trinitatis

129 3446 250 3508 notariae
261 3445 435 3527 baptizabis.
450 3445 495 3507 dd
507 3454 619 3507 textam
632 3452 730 3504 autem
742 3444 882 3504 datorum
894 3440 1135 3520 6166666666-

129 3531 221 3604 dent,
240 3539 271 3590 et
289 3532 409 3607 quidem
430 3548 531 3607 omnes
546 3529 754 3606 probabilitar3
767 3529 808 3586 D.
830 3523 884 3586 Tb.
899 3523 924 3588 l.
938 3544 963 3585 e.
978 3529 1134 3605 respondet

129 3612 211 3692 qabd
224 3613 340 3694 spetiali
354 3612 461 3674 christi
472 3614 651 3674 revelatione
669 3611 790 3692 apostoli
802 3611 834 3670 in
847 3610 995 3689 primitiva
1008 3612 1132 3676 Ecclesia
