2620 4176
333 193 407 273 Cep.
423 194 452 253 5.
463 195 508 255 De
521 189 617 274 officio
628 191 826 259 secutoris-tn.
839 196 919 260 Daris.
929 199 959 259 6.
1091 200 1148 262 663

97 370 101 374 ⁸
135 293 186 356 sed
203 302 277 355 tnne
294 291 435 367 tantdm,
456 293 525 356 erim
546 295 573 354 is
588 296 619 356 vi
637 297 806 374 compulsus
818 295 951 376 deponit.
967 297 1147 361 616666666-

137 391 214 454 tem,
226 389 258 440 66
271 380 417 458 religiosis
437 396 500 441 non
515 379 635 441 ridetur
651 399 713 441 esse
731 383 858 442 retitum
872 390 959 442 testes
970 385 1080 444 esseio
1099 385 1145 445 in·
1161 410 1165 415 ·

136 466 332 538 strumentis,
348 463 417 527 edm
436 462 494 524 boc
520 466 626 525 nullibi
640 466 845 527 interdicatur.
870 464 942 528 Vide
954 467 1142 530 Sonob.Deo.

138 556 159 609 t.
169 552 199 610 2.
210 546 233 608 l.
248 550 278 609 6.
290 567 316 609 6.
329 550 378 610 id.
394 567 427 608 n.
440 550 509 609 too.
522 556 551 608 et
562 547 657 609 Soloe.
676 548 739 610 ibid
750 569 783 610 n.
803 553 854 612 29.

172 634 243 694 262.
265 665 302 677 -
314 632 483 693 Notandum
495 635 520 691 l.
533 632 713 709 qubdtcstes
730 634 823 712 ineptl
842 634 1001 712 (numerati
1013 641 1047 694 ut
1057 633 1144 713 suprd

137 717 215 795 apud
228 716 316 794 Bne.)
336 717 361 777 si
382 716 555 795 deponant,
571 716 683 778 iaciunt
702 719 821 796 aliquod
834 719 996 793 indicium,
1015 718 1066 778 sed
1083 737 1146 779 non

136 802 275 880 plenum,
294 819 349 861 nee
374 801 521 861 sufficiens
541 801 578 860 ad
599 810 745 863 torturam
761 802 876 864 :immd
899 803 995 876 servi,
1015 803 1145 880 661666-

104 960 105 964 Ἰ
137 886 214 946 viter
225 885 338 956 inimici
356 883 686 963 omnindrepelluntur.
703 887 761 946 Sed
778 887 802 947 si
821 887 933 947 crimen
953 888 1143 947 commissum

136 979 178 1029 est
190 977 299 1040 noctu,
317 968 365 1028 vel
378 969 409 1028 in
422 968 521 1045 aliquo
533 970 597 1028 loeo
609 978 739 1038 secreto,
752 979 824 1030 tune
834 970 919 1031 facile
935 970 1143 1049 admittuntur.

134 1053 269 1124 Deinde,
292 1053 318 1112 si
337 1061 425 1113 testes
435 1053 599 1131 sintinepti
617 1054 818 1132 principaliter
836 1056 874 1116 ob
886 1056 1015 1119 favorem
1029 1056 1144 1133 partis,

89 1171 95 1182 ·
135 1145 169 1195 ut
186 1137 298 1196 inimici
313 1180 323 1209 ,
336 1136 506 1204 domestici,
525 1146 581 1196 ete.
601 1137 625 1196 si
648 1155 716 1214 pars
738 1155 788 1198 eos
804 1137 953 1211 admittit,
972 1136 1065 1214 judex
1082 1155 1143 1198 non

135 1221 211 1280 valet
228 1238 279 1281 eos
295 1221 449 1299 repellere.
473 1217 643 1281 VideSoint.
655 1219 726 1283 ibid.
738 1241 770 1281 n.
784 1222 834 1281 56.

171 1314 292 1373 266-
308 1312 477 1375 Notandum
493 1314 531 1373 ll.
555 1312 635 1391 qubd
647 1313 841 1391 religiosusin
860 1332 944 1373 causa
969 1315 1015 1375 sui
1039 1332 1142 1374 mona·

133 1397 215 1457 sterii
227 1396 304 1457 bend
319 1406 415 1475 potest
434 1396 582 1457 testificari
595 1441 603 1469 ,
621 1415 657 1457 ex
670 1417 693 1458 e.
702 1401 829 1479 Instrper
840 1397 1001 1459 statuimus
1010 1443 1019 1473 ,
1029 1398 1063 1459 de
1076 1407 1140 1460 test.

133 1485 170 1542 Et
184 1482 265 1543 idem
279 1484 389 1544 dicitur
402 1482 440 1542 de
459 1483 600 1543 mnnnico
618 1484 650 1544 in
661 1502 745 1544 eausa
760 1485 806 1543 sui
825 1485 962 1563 capitoli,
979 1485 1017 1544 de
1035 1485 1141 1549 elerico

48 1598 54 1606 =
134 1568 165 1626 in
180 1586 266 1627 eausa
287 1586 348 1627 suae
367 1566 524 1642 Ecclesia,
541 1575 571 1626 et
584 1568 622 1627 dc
633 1569 776 1646 collegiali
790 1569 821 1627 in
840 1587 924 1629 eausa
935 1575 981 1628 sui
1001 1569 1139 1648 collegii,

110 1729 114 1737 ι
132 1653 375 1728 quotiescumque
392 1652 423 1710 in
441 1669 525 1710 causa
543 1651 599 1728 ipsi
613 1653 729 1717 nullum
754 1655 894 1713 interesse
919 1652 1046 1713 habeant
1073 1671 1141 1731 pare

132 1736 265 1795 ticulare.
296 1735 536 1795 advertendum.
556 1744 654 1796 tamen
682 1746 748 1808 est,
785 1737 909 1797 istorum
936 1738 1140 1797 testimonium

122 1826 192 1878 'non
211 1838 274 1879 esse
290 1818 413 1880 omnino
432 1819 603 1895 integrum3
628 1827 659 1879 et
676 1821 796 1896 iusuper
819 1838 880 1878 non
897 1838 958 1879 esse
980 1819 1141 1878 admitten-

127 1902 205 1961 dum
214 1946 223 1975 ,
233 1905 351 1980 quando
366 1903 417 1962 alii
432 1911 521 1962 testes
538 1901 642 1964 batert
654 1904 778 1982 possint.
791 1899 886 1964 Solm.
900 1921 968 1962 enm
983 1899 1054 1962 otiis
1066 1900 1139 1962 ibid.

114 2004 161 2064 4).
179 1987 303 2046 26666.
316 1990 365 2047 il.
846 2004 849 2009 '

169 2070 240 2129 266.
256 2103 293 2114 -
307 2095 319 2124 ιι
332 2072 432 2144 Quoer.
453 2071 485 2131 i.
497 2070 565 2142 An,
584 2077 616 2129 et
630 2069 749 2147 quando
773 2076 908 2128 teneatur
929 2068 997 2146 quis
1018 2067 1140 2127 testari?

130 2175 145 2205 a
168 2155 201 2214 2.
214 2155 260 2216 td
271 2157 344 2234 quid
355 2165 500 2230 teneatur,
513 2156 565 2232 qui
585 2173 646 2217 nou
658 2156 723 2215 vult
742 2153 861 2228 testari,
875 2162 927 2214 out
940 2153 993 2231 qui
1011 2152 1081 2211 lalsa
1095 2160 1140 2213 est

130 2263 144 2290 a
168 2244 315 2300 testatus?

171 2345 187 2374 α
204 2325 293 2404 llesp.
304 2327 334 2386 l.
349 2325 417 2386 Non
436 2332 555 2385 tenetur
576 2322 642 2401 quis
655 2321 773 2395 testari,
788 2322 845 2382 nisi
858 2322 906 2382 rel
923 2337 959 2380 ex
975 2318 1138 2391 charitate,

128 2431 142 2459 n
167 2406 236 2468 erim
258 2410 301 2469 ita
322 2411 518 2470 neeessariam
547 2417 592 2466 est
610 2408 648 2468 ad
670 2407 865 2484 avertendum
886 2405 1001 2485 grande·
1026 2406 1137 2467 malum

128 2515 142 2544 a
165 2493 298 2570 proximi
314 2536 323 2564 ,
339 2502 390 2553 aut
410 2493 487 2569 reip.
504 2492 552 2550 rel
567 2509 603 2551 ex
623 2500 786 2571 praecepto,
807 2488 875 2550 erim
892 2490 1001 2568 judex,
1019 2507 1071 2550 seu
1088 2507 1139 2548 su·

127 2600 142 2629 n
167 2578 271 2655 perior
291 2575 402 2637 babens
424 2584 613 2655 potestatem,
636 2577 677 2636 ita
702 2573 833 2654 legitime
855 2575 1000 2655 praeripit.
1027 2576 1061 2635 ln
1079 2593 1138 2656 quo

125 2685 142 2714 a
165 2661 276 2722 ultimo
293 2679 382 2737 casu,
401 2662 426 2721 si
441 2661 553 2738 logias,
580 2668 633 2720 aut
657 2663 784 2723 occultes
797 2668 847 2733 te,
867 2671 1024 2740 antequam
1040 2660 1078 2721 ad
1094 2670 1138 2720 te-

127 2770 142 2798 o
165 2746 306 2806 standum
324 2746 440 2818 citeris,
456 2758 530 2805 'non
548 2745 680 2824 peccabis
699 2756 800 2807 eontra
824 2744 990 2823 justitiam3
1012 2745 1138 2822 idcbque

127 2854 142 2884 s
165 2848 221 2890 nce
233 2830 381 2891 teneberis
394 2830 562 2901 restituere,
576 2840 630 2903 ut,
644 2839 744 2890 contra
761 2830 889 2902 multos,
901 2831 1008 2891 docent
1020 2825 1134 2890 Volent.

126 2939 142 2968 a
165 2923 194 2974 66
203 2917 285 2976 Lesa.
307 2915 392 2975 Ratio
411 2923 475 2986 est,
502 2915 572 2991 quia
589 2914 644 2974 tibi
666 2914 792 2975 necdum
809 2925 853 2974 est
873 2922 1052 2993 proeeeptum
1079 2931 1087 2967 :
1112 2910 1136 2968 si
1189 2942 1192 2947 >

127 3024 141 3052 a
164 3000 248 3077 quod
258 3008 358 3059 autem
367 2999 416 3077 jus
426 3007 561 3059 nascatur
571 3000 647 3077 parti
657 3018 692 3059 ex
699 3008 751 3059 tuo
761 2999 942 3067 testimonio,
965 2996 1045 3055 idox
1060 3011 1137 3069 prce-

126 3106 142 3136 ·
165 3094 251 3162 cepto
268 3083 375 3144 oritur.
392 3082 477 3154 lmd,
498 3085 553 3147 etsi
567 3085 606 3142 sit
626 3084 792 3143 eommunis
813 3082 979 3150 sententia,
997 3076 1033 3134 ad
1052 3074 1138 3133 resti·

127 3189 143 3218 a
166 3169 315 3227 tutionem
326 3166 421 3226 teneri
438 3185 533 3238 eum,
556 3167 608 3245 qui
623 3165 749 3242 djudice
761 3166 864 3222 citatus
874 3163 969 3238 sugit,
987 3158 1034 3216 vel
1056 3157 1137 3216 testi·

127 3272 142 3301 n
165 3252 305 3310 monium
323 3248 427 3310 iraude
439 3250 612 3325 declinarit,
626 3248 694 3309 edm
702 3250 740 3308 sit
754 3245 855 3305 efficax
864 3286 873 3315 ‚
882 3253 912 3304 et
924 3241 1043 3305 moralis
1055 3256 1137 3299 causa

127 3358 142 3386 a
166 3344 201 3394 ut
207 3335 300 3412 judex
318 3336 494 3396 sententiam
509 3336 584 3394 ierat
603 3334 635 3392 in
647 3332 768 3390 alterius
780 3328 946 3388 damnum:
967 3332 1138 3385 nontamen

127 3441 142 3470 u
167 3425 212 3478 cst
228 3419 441 3498 improbabile,
463 3418 543 3496 qood
563 3410 786 3476 doeentMolin.
804 3413 922 3471 ctLess.
948 3425 1009 3468 non
1031 3407 1135 3468 teneri.

127 3524 143 3554 n
168 3502 326 3576 Ratiocst,
346 3503 415 3580 quia
438 3504 538 3562 citatio
559 3501 693 3561 intimata
712 3515 773 3559 non
791 3494 904 3555 inducit
928 3491 1136 3572 obligationem

127 3606 144 3636 a
164 3584 309 3725 justitiale,
329 3586 381 3647 sed
394 3584 509 3647 666666
532 3583 724 3661 obedientiae3
744 3579 927 3663 proindeque
943 3594 1005 3721 666
1020 3588 1136 3655 compa·
1156 3570 1158 3574 ’
1258 3579 1263 3585 ’

173 3673 257 3728 Teon.
288 3675 297 3689 '
675 3676 688 3691 *
