2610 4186
297 226 370 310 Cap.
385 231 414 290 5.
427 232 472 290 Dc
487 231 658 313 suscipiente
675 249 900 325 sacramentam.
915 246 995 309 Dnb.
1008 251 1038 310 2.
1113 255 1171 315 aba

165 332 293 394 intent-io
315 335 415 397 vcriias
435 337 556 400 dicanda
576 349 620 402 cst
639 343 771 406 virtualis
792 349 880 426 quiam
902 350 1077 429 habitualis,
1100 359 1171 425 esim

162 421 504 578 piroclsirprtgticpntrahat
523 425 636 488 virtuto
654 430 803 506 mandati,
816 434 878 496 siva
893 439 1168 520 consensissiprin-

191 514 225 576 pa
386 545 394 563 .

561 628 710 692 DUBIUM
726 636 764 694 11.

160 739 259 837 Quid
269 743 644 843 requiratur,ntlicitb
655 760 782 831 etcum
794 758 915 835 fructu
925 764 1164 864 suscipiatur?

159 893 194 946 83
210 895 277 959 Qna
297 894 480 1020 respirantnp·
500 896 532 950 in
552 898 718 968 suscipiente
738 915 917 964 sacramenta
937 923 1116 977 mortuoram,
1136 924 1162 972 st

255 978 316 1033 ants
331 982 446 1020 arvorum

157 1038 191 1091 st
205 1038 250 1089 An
265 1037 421 1106 aliqnando
431 1041 519 1109 possit
536 1044 695 1099 ministrari
705 1048 836 1104 viaticam
847 1053 866 1106 st
877 1053 965 1120 tates,
978 1057 1020 1112 nei
1033 1063 1160 1116 sacerdos

254 1122 313 1163 non
324 1109 441 1178 jejunas
462 1113 622 1169 celebrare?

156 1182 189 1239 83
204 1184 249 1239 Aa
267 1184 356 1252 napta
375 1186 502 1254 dispositi
521 1190 654 1254 majoram
672 1192 795 1259 [enatam
815 1199 975 1267 recipiant?
987 1208 1028 1256 An
1047 1212 1160 1261 sumant

253 1269 316 1311 tum
334 1257 428 1324 [nacta
449 1259 568 1312 hostiam
584 1263 606 1314 ii
622 1264 671 1329 qni
690 1269 816 1321 nesciant
833 1286 890 1324 easc
907 1274 1117 1330 consecratam?

153 1326 186 1378 86
202 1326 292 1382 Pinea
310 1331 436 1384 notanda
453 1332 487 1384 ds
505 1334 670 1411 sascipiente
689 1350 867 1398 sacramenta
885 1361 947 1400 cnm
964 1350 1094 1411 mortali,
1107 1357 1157 1406 ant

156 1418 160 1421 ·
251 1403 362 1456 cessisti.

152 1471 185 1523 8?
201 1475 245 1526 An
262 1476 357 1528 omnia
375 1482 551 1530 sacramento
568 1487 684 1534 causent
703 1483 844 1551 postiam,
857 1499 961 1546 semoto
972 1496 1108 1561 peccato?

150 1544 185 1595 88
201 1551 245 1597 sn
263 1545 344 1603 iisset
360 1555 450 1614 petere
464 1559 670 1607 sacramentnm
681 1554 700 1610 d
712 1558 840 1616 ministro
861 1567 1122 1623 excommunicato?

151 1616 186 1668 89
200 1622 246 1671 Aa
260 1619 280 1673 st
293 1620 421 1677 ministro
438 1624 606 1689 peccatam?
947 1660 950 1665 >

188 1790 239 1852 83.
258 1823 299 1838 -
321 1732 458 1858 «Rasa.
478 1794 668 1860 Adeiiectom
682 1800 818 1879 baptismi
837 1816 867 1867 at
880 1811 1078 1887 poenitentias,
1100 1833 1151 1877 rc·

150 1897 166 1929 n
189 1875 329 1952 quiritur,
344 1878 489 1939 atsufficit
508 1890 616 1958 practer
635 1885 816 1946 voluntatem
836 1894 970 1953 sumendi
992 1913 1153 1959 sacramen·

150 1982 165 2012 a
189 1965 272 2034 tom,
284 1959 435 2039 dispositio
444 1961 513 2023 fidei
526 2006 535 2035 ,
548 1963 627 2041 spei,
642 1975 672 2025 at
684 1970 861 2045 attritionis,
876 1992 936 2034 non
951 1987 1047 2036 autem
1056 1983 1153 2057 requi·

148 2067 164 2098 n
188 2044 268 2103 nitur
297 2044 438 2117 charitas,
460 2047 522 2107 sive
544 2058 579 2108 nt
604 2052 727 2125 gratiam
751 2051 902 2130 habeam
921 2057 1009 2133 (Vide
1027 2059 1151 2121 dicentia

147 2138 182 2180 ss.
195 2121 263 2179 139.
280 2122 397 2200 eston.)
417 2123 508 2201 aquia
522 2121 583 2185 brec
605 2137 783 2187 sacramanta
800 2129 939 2191 dicuntur
954 2142 1149 2209 mortuarum,

147 2227 163 2257 n
185 2203 265 2280 quiid
280 2204 341 2283 ipsa
354 2206 481 2284 primam
493 2208 636 2285 gratiam,
660 2227 711 2268 soa
730 2211 821 2271 vitam
837 2212 959 2274 donent.
980 2216 1025 2275 Ad
1036 2219 1150 2297 reliqna

144 2311 162 2342 a
185 2287 257 2349 verb
273 2299 473 2362 sacramenta,
495 2309 561 2369 quaa
580 2292 720 2353 dicuntur
743 2295 893 2368 ainornm,
915 2299 1095 2377 requiritur,
1115 2311 1150 2367 ac

144 2393 162 2425 a
186 2371 223 2432 sit
235 2372 266 2433 in
275 2377 366 2452 gratia
375 2401 387 2429 n
399 2373 468 2454 (Sed
476 2385 547 2436 ncta
555 2373 601 2438 tte
610 2395 693 2457 prop.
703 2376 862 2442 damnatos
871 2381 909 2444 ab
919 2380 1145 2468 Aieaond.Vlll.

143 2473 247 2538 nempe
259 2477 343 2539 prop.
354 2462 403 2520 bt.
418 2478 484 2540 qna
500 2459 611 2521 dicebat
623 2460 785 2544 :Sacriiepi
807 2474 880 2525 sant
888 2466 1049 2544 judicandi
1058 2467 1077 2542 ,'
1095 2474 1148 2550 qni

137 2539 195 2621 p‘ns
213 2540 255 2602 ad
275 2543 505 2604 commonionem
533 2544 748 2623 percipiendam
774 2548 968 2628 protendant,
988 2561 1147 2634 antennam

141 2623 318 2705 condipnom
338 2626 372 2688 de
387 2625 497 2688 delictis
513 2629 575 2695 anis
589 2629 790 2706 peonitentiam
805 2634 925 2713 eperint.
945 2638 986 2699 Et
997 2656 1083 2719 prop.
1095 2642 1144 2701 25.
1213 2649 1222 2658 “

140 2706 285 2770 Similiter
304 2711 424 2772 arcendi
442 2721 515 2771 snsst
533 2715 650 2772 dsocro
671 2719 887 2791 cenomanicae,
900 2720 1144 2801 qnibnsnondnm

140 2793 220 2856 inest
231 2816 314 2858 omar
322 2799 380 2858 Dei
389 2798 585 2878 purissimas,
598 2809 627 2859 ct
637 2801 732 2863 omnis
747 2804 899 2868 mistionis
909 2809 1038 2888 expers),
1055 2814 1143 2889 ·quta

142 2901 157 2930 a
181 2879 236 2938 ista
257 2899 317 2940 non
334 2884 480 2959 primam,
499 2885 549 2942 sed
574 2886 730 2946 secandam
752 2887 867 2950 tantiam
892 2893 1033 2968 gratiam,
1053 2894 1144 2957 idest

139 2986 155 3017 a
180 2973 371 3041 augmentum
385 2965 500 3026 tantam
515 2971 616 3046 gratias
629 2972 793 3032 conserunt.
812 2976 871 3035 Etsi
885 2976 1010 3034 subinde
1027 2995 1082 3055 per
1101 2995 1143 3035 aa·

137 3072 154 3101 a
179 3047 277 3107 cidens
289 3049 361 3109 dent
379 3050 523 3128 primam,
550 3051 617 3112 caim
639 3055 705 3130 quis
723 3065 806 3132 putat
820 3056 966 3117 banifide
986 3075 1018 3117 sc
1041 3058 1141 3123 aaran

56 3132 59 3140 '
138 3153 154 3183 n
179 3132 307 3221 moptaii.
325 3132 430 3210 Lapm.
445 3132 513 3195 dab.
525 3137 682 3195 Monac
697 3135 727 3194 d.
742 3140 811 3214 iq.
821 3141 850 3197 6.
863 3157 897 3217 p.
910 3141 941 3197 2.

177 3215 273 3275 Sb-
284 3217 344 3275 Hoc
357 3217 475 3294 quidem
489 3218 639 3297 probabile
652 3228 695 3277 cst
708 3220 925 3280 cumD.Ticom.
941 3220 1011 3282 Vide
1020 3221 1141 3285 discredo

134 3315 220 3359 nnnc.
233 3300 283 3358 87.
298 3298 372 3359 Hine
384 3299 463 3360 recto
477 3302 578 3360 dicunt
596 3302 707 3375 Gocsct,
729 3305 849 3377 Henna,
870 3310 898 3361 et
918 3304 1001 3363 Cant.
1029 3308 1139 3369 Tenen.

135 3380 214 3460 (nida
231 3377 315 3461 infrd
328 3400 360 3441 n.
371 3383 453 3461 nst.)
467 3401 551 3462 posse
564 3385 671 3444 laicum
694 3386 872 3444 moribundo
888 3387 1026 3449 viaticum
1050 3391 1140 3450 mini·

133 3472 248 3536 strare,
263 3467 287 3525 si
294 3466 374 3526 desit
388 3468 520 3529 sacerdos
536 3470 585 3545 qni
601 3487 671 3529 cum
684 3469 813 3531 absolvat
836 3489 844 3525 ε
862 3479 892 3530 et
907 3472 996 3533 etiam
1013 3475 1140 3539 sacerdo·
1226 3531 1229 3535 .

131 3556 196 3609 tem
212 3549 359 3610 celebrare
369 3568 452 3626 posse
465 3568 525 3611 non
545 3550 684 3628 jejunum
706 3552 743 3614 ad
756 3553 984 3614 ministrandum
1000 3557 1140 3619 viaticum

133 3630 312 3697 moribundo
333 3632 465 3694 sensibus
483 3633 643 3721 destituto,
667 3637 718 3715 qui
743 3655 803 3703 non
820 3638 910 3716 possit
930 3638 1080 3716 aonbttri,
1105 3650 1139 3703 ut
