2610 4186
284 316 358 399 Cup.
369 316 401 376 2.
413 313 457 378 Dc
468 314 605 378 ministro
617 321 878 379 sacramentorum.
891 317 972 381 Dul.
988 319 1020 380 ἢ.
1096 319 1156 384 285
1202 352 1206 367 ·

145 410 194 476 Ad
205 416 325 476 tertium
335 414 506 490 dicendum,
521 416 601 497 quid
610 415 650 480 od
665 417 801 482 idoneam
813 419 1007 485 executionem
1017 418 1156 483 ordinum

144 515 207 558 non
233 495 345 579 sufficit
372 497 489 563 bonitus
516 497 750 589 qualicunque,
770 499 822 562 scd
845 502 1010 580 requiritur
1039 501 1156 565 bonitus

144 577 299 643 excellens.
312 584 356 642 llo
373 581 429 643 hoc
449 591 548 644 sutem
564 586 711 645 rationem
734 584 860 645 reddit:
887 587 927 645 lit
941 584 1019 645 siem
1037 584 1085 647 iili
1101 585 1157 666 qui

144 663 280 726 ordinem
300 667 482 747 suscipiunt,
495 667 707 749 sccpcr'plebem
723 668 943 729 constituuntur
963 667 1060 749 produ
1075 668 1157 731 ordi·

85 783 90 789 -
146 747 216 820 nis,
233 748 277 809 ito
286 758 315 810 et
328 750 492 829 superiores
503 753 565 812 sint
576 751 679 813 merito
692 751 871 813 sanctitutis.
887 753 963 815 llinc
976 752 1156 814 confirmans

145 834 393 914 praesuppositum
410 834 601 913 objectionis,
618 844 654 897 ut
669 837 818 909 diximus,
835 836 866 896 id
879 844 922 903 est
936 836 1016 916 quod
1026 836 1064 898 ed
1075 837 1157 899 ordi·

147 936 201 979 nes
215 918 413 998 suscipiendos
428 920 592 998 requiritur
603 922 707 999 utiquc
719 921 812 1000 grstia
825 930 943 1001 gratum
955 923 1081 998 inciens,
1094 924 1158 984 sive

146 1003 289 1065 meritum
304 1002 470 1080 precedens
481 1003 641 1065 sanctitatis
651 1048 659 1073 ,
669 1006 711 1066 sic
720 1007 828 1065 infert:
844 1014 872 1066 et
887 1005 951 1067 idei
961 1005 1158 1087 proeeuipitnr

103 1085 108 1095 '
147 1086 240 1165 (note)
288 1088 352 1148 ctio
369 1102 435 1168 qtrce
452 1085 582 1168 sufficiat
593 1086 634 1149 od
649 1089 701 1151 icoo
719 1090 798 1170 quid
815 1088 903 1172 dipni
913 1099 1159 1152 connumerentur

114 1202 121 1211 ·
147 1169 184 1231 in
200 1168 247 1252 ple
265 1188 280 1231 e
301 1171 421 1233 Christi.
444 1170 571 1232 Dcmclm
596 1173 768 1234 concludit:
788 1172 838 1236 sed
859 1174 1010 1254 confertur
1029 1176 1064 1237 in
1090 1177 1158 1257 ipro
1271 1207 1274 1215 ·

146 1258 327 1342 susceptione
342 1256 455 1318 ordinis
467 1255 597 1336 emplius
608 1259 714 1338 proiice
733 1276 859 1329 munus,
872 1277 926 1339 per
940 1258 1021 1340 quod
1032 1258 1074 1322 cd
1090 1278 1156 1321 mu·

141 1344 216 1428 joco
229 1340 393 1403 redduntur
404 1339 511 1402 idonei.
523 1340 637 1413 Quibus
650 1342 747 1402 verbis
757 1343 885 1403 intendit
896 1343 929 1404 S.
944 1342 998 1404 Tic.
1016 1343 1155 1421 probare,

147 1427 229 1508 quot
249 1426 341 1505 gratio
355 1425 527 1485 sacramenti
545 1441 605 1484 non
619 1426 676 1487 erit
693 1426 812 1507 quidem
829 1426 961 1503 inutilis,
979 1425 1030 1487 sed
1044 1428 1156 1506 majora

147 1511 257 1574 auxilia
274 1508 423 1588 prestabit
435 1507 622 1584 suscipienti,
634 1516 668 1568 ut
680 1509 821 1571 idoneum
838 1527 869 1570 se
882 1508 986 1570 reddet
998 1511 1157 1591 udmcjoru

146 1595 254 1658 merita
266 1590 442 1670 acquirenda
455 1610 462 1651 c
476 1591 526 1651 scd
539 1589 600 1668 jem
614 1594 814 1673 prnsupponit
827 1602 857 1653 et
869 1594 1009 1673 exprimit
1018 1598 1157 1676 praeexigi

148 1680 185 1746 in
204 1677 380 1755 suscipiente
401 1675 525 1754 gratiam
547 1682 664 1753 motum
687 1677 857 1749 facientem,
880 1696 946 1756 quoe
969 1678 1093 1743 sufficiet
1118 1680 1157 1742 ccl

147 1762 273 1841 dignum
290 1777 359 1820 eum
379 1759 543 1820 laciendum
555 1802 563 1830 ‚
577 1767 612 1820 ut
629 1770 859 1834 connumeretur
878 1761 957 1822 inter
978 1763 1078 1825 alteris
1099 1765 1158 1825 mi·

147 1847 269 1907 nistros.
290 1843 373 1904 Unde
386 1843 461 1902 sicut
478 1860 539 1903 non
552 1844 659 1903 sufficit
680 1845 901 1922 qualiscumque
920 1846 1014 1923 gretia
1034 1846 1071 1908 cd
1089 1866 1159 1909 exe·

148 1931 300 1990 cntionem
323 1927 476 1998 ordinum,
500 1928 541 1986 ita
565 1944 662 2006 neque
677 1927 713 1987 sd
729 1928 957 2004 susceptionem.
969 1928 1056 1989 Reetd
1076 1932 1157 1995 enim

149 2013 194 2072 sit
210 2010 322 2073 Hubert
337 2008 373 2070 de
391 2008 493 2070 ordine
505 2029 536 2092 p.
549 2010 578 2069 5.
591 2029 615 2074 o.
631 2012 660 2071 5.
679 2011 714 2071 in
726 2009 804 2089 fine,
819 2009 899 2088 qnod
917 2011 1088 2087 poenitentia
1101 2030 1158 2092 pro

148 2095 280 2156 infirmis
298 2101 342 2153 est
359 2094 510 2165 institute,
532 2102 562 2154 ct
582 2093 651 2155 idco
675 2093 801 2153 infirmis
823 2101 867 2152 est
890 2092 1085 2171 conserendo3
1106 2096 1170 2157 sed*

148 2177 398 2252 ordo‚ci1mnon
415 2178 452 2235 cd
472 2179 596 2238 salntem
615 2179 786 2256 proprium,
801 2177 851 2238 scd
869 2177 995 2238 aliorum
1007 2178 1159 2239 institutus

147 2264 210 2336 sit,
234 2265 311 2323 senis
333 2262 459 2323 conferri
475 2261 572 2322 debet.
597 2263 678 2322 ldem
698 2262 854 2324 confirmat
870 2263 968 2323 Glosss
989 2261 1020 2319 in
1039 2262 1159 2340 prefato

148 2356 253 2423 textu,
266 2346 367 2406 dicens
380 2365 389 2405 c
405 2346 485 2406 licit
499 2345 578 2406 enim
592 2346 627 2406 in
642 2342 713 2423 illo,
729 2345 783 2425 qui
797 2343 928 2406 csecccdit
940 2343 982 2406 od
992 2362 1159 2405 sacromen-

149 2439 217 2492 tum
235 2428 367 2502 ordinis,
380 2438 630 2510 proesnppcnetnr
647 2430 747 2510 pretio
765 2426 1033 2510 protensionem,
1056 2446 1159 2502 secum

149 2513 225 2577 dclm
243 2512 362 2575 modum
381 2531 438 2593 qcco
457 2513 550 2593 possit
570 2513 656 2595 dipni
667 2512 799 2575 ordinem
812 2515 973 2594 snmiperc,
990 2521 1085 2575 tonun
1098 2532 1159 2575 non

148 2597 331 2680 supponitur
345 2595 504 2659 secundnm
514 2597 642 2677 predum
658 2595 762 2668 illum,
777 2615 836 2676 quo
854 2605 994 2659 consetur
1006 2597 1045 2659 ol
1056 2598 1160 2660 ordine

126 2703 129 2709 ·
149 2690 294 2765 suscepto.
308 2680 458 2742 decedenti
469 2680 548 2741 enim
558 2679 667 2762 sufficit
679 2699 738 2743 csse
753 2680 786 2740 in
795 2682 914 2762 pretio,
932 2679 1055 2762 sedjom
1067 2681 1160 2743 eidem

149 2766 324 2848 suscipienti
337 2763 470 2826 ordinem
480 2775 606 2846 cupetur
622 2767 724 2847 pretio
746 2763 812 2825 tttc.
827 2767 955 2827 Advorte
971 2767 1021 2825 illu
1043 2768 1155 2827 verber

148 2849 596 2929 Licttprcesupponctnrprctio
609 2849 767 2925 secundum
773 2849 893 2911 niodum
903 2868 961 2931 quo
969 2851 1062 2931 possit
1072 2849 1160 2929 dipnt

150 2930 287 2995 ordinem
302 2931 456 3011 suscipere.
469 2933 545 3011 Ergi
557 2933 593 2993 ud
605 2934 741 3004 ordinem
750 2935 967 3012 suscipiendum
980 2951 1041 2993 non
1053 2933 1161 2991 sufficit

150 3016 215 3075 solu
236 3016 330 3093 gretie
348 3015 547 3089 sanctificans,
563 3026 597 3077 ut
617 3018 737 3098 quidum
757 3016 832 3075 hanc
849 3018 979 3078 Glosscm
993 3014 1158 3087 intellexit,

152 3098 206 3160 sed
225 3099 389 3176 requiritur
410 3099 477 3157 tulis
494 3098 601 3176 gradus
622 3101 723 3177 grntioe
744 3108 775 3157 ct
800 3100 917 3170 meriti,
939 3107 975 3156 ut
999 3095 1160 3155 initiandus

71 3226 74 3235 .
151 3181 243 3261 digne
263 3183 355 3261 possit
381 3182 418 3242 od
434 3184 519 3242 illum
541 3184 707 3243 escendere.
731 3184 768 3242 Et
790 3183 923 3258 quemvis
948 3179 1096 3239 Glossstor
1116 3179 1158 3241 ibi

152 3266 283 3327 subdat:
299 3263 445 3327 accedenti
462 3267 541 3326 enim
556 3262 666 3345 sufficit
682 3281 742 3324 esse
760 3266 793 3324 in
808 3265 925 3344 pretio,
944 3262 1083 3340 intelligit
1095 3280 1160 3339 pro·

151 3349 230 3411 secti
242 3368 303 3411 non
316 3349 354 3410 de
365 3351 491 3428 simplici
504 3351 597 3428 grstia
609 3348 807 3408 sanctificante
819 3390 828 3419 ,
840 3347 891 3407 scd
909 3346 947 3406 de
959 3345 1052 3424 grstia
1065 3346 1160 3426 expli·

152 3440 235 3506 eota,
247 3431 406 3494 sccnndclm
416 3432 549 3509 modum,
566 3440 618 3494 cto.

191 3518 289 3578 tt.-
302 3517 384 3576 ldem
395 3517 485 3576 sentit
496 3519 583 3577 Sotus
596 3514 629 3576 in
644 3516 675 3574 l.
686 3516 766 3575 Seni.
781 3512 850 3576 dist.
863 3516 913 3575 nt.
926 3533 956 3597 q.
969 3517 998 3575 l.
1011 3532 1044 3574 n.
1061 3513 1090 3574 5.
1106 3514 1158 3579 ubi

152 3615 242 3680 egens
254 3597 290 3660 de
299 3617 426 3660 socrum.
439 3597 503 3659 ord.
512 3598 584 3658 dicit
593 3600 776 3660 sanctitatem
786 3600 942 3678 positivum
952 3599 983 3658 in
995 3598 1159 3661 ordinando
1202 3662 1207 3665 ,

152 3703 216 3745 cssc
233 3684 424 3745 necessariam
441 3682 480 3741 dc
498 3691 645 3762 praeccpto
664 3683 834 3763 divino;en
852 3702 905 3746 sua
923 3683 1014 3745 verbe
1028 3703 1036 3742 ε
1052 3683 1159 3744 Primo
