2620 4176
107 317 109 321 ‚
187 232 246 296 900
401 231 466 296 tit.
482 234 510 294 b.
525 232 973 317 Depreeeptispcrtieuirribnn

585 435 734 501 nusstott
749 436 812 503 vti.

631 631 667 673 ΒΕ
680 631 744 674 REO·

567 766 774 829 Alimentus
794 767 820 827 1.

213 926 272 1001 An
286 931 322 1001 at
334 925 523 1028 quomodo
546 949 631 1001 reus
647 932 812 1002 teneatur
822 925 924 1002 satiri
947 927 1176 1017 veritatemi

188 1119 237 1171 979
254 1117 326 1182 oete
341 1116 504 1185 respendere
513 1120 603 1184 potest
612 1133 676 1172 reue
687 1129 744 1169 nan
757 1115 876 1184 tecitirnt
886 1115 1096 1187 interrogetur?

188 1195 239 1244 913
256 1191 374 1256 Quando
385 1204 449 1243 rens
460 1204 518 1242 non
529 1190 664 1244 tenebitur
682 1190 785 1242 crimen
803 1189 913 1255 soteri?

189 1267 239 1315 ert
255 1269 297 1315 An
309 1267 436 1316 teneatur
446 1276 510 1314 reus
524 1262 626 1315 crimen
636 1262 722 1331 satiri
732 1275 794 1314 eum
817 1261 914 1330 timore
932 1265 1165 1330 succrepante?
1203 1283 1206 1288 ·

187 1339 238 1390 915
254 1342 297 1388 An
306 1340 397 1403 peccet
409 1335 531 1401 crocitet·
541 1350 605 1388 reus
617 1372 626 1399 ‚
639 1335 733 1403 quiet
741 1334 857 1388 uitanda
875 1339 1012 1389 tormenta
1025 1337 1195 1404 [absumeri-

285 1421 348 1459 rnen
368 1406 421 1460 sibi
432 1407 549 1475 imponit
560 1408 574 1460 1
1024 1428 1034 1446 ·

188 1482 238 1533 976
255 1480 373 1545 monto
384 1486 477 1533 antem
489 1484 596 1532 tenetur
604 1493 755 1532 renarrem
764 1480 961 1547 consertionem
970 1483 1127 1534 reuocare?

188 1554 238 1606 911
253 1558 372 1609 Anrent
390 1552 428 1606 eti
445 1567 474 1605 ee
491 1552 623 1606 tuendum
641 1552 729 1619 poscit
750 1553 873 1605 revetere
886 1552 1006 1605 crimine
1022 1555 1136 1607 occuito
1155 1561 1194 1608 te-

285 1625 370 1678 etiarn
381 1663 389 1687 ,
412 1631 463 1678 aut
475 1625 666 1681 accusatoris?
679 1631 705 1677 et
716 1639 756 1681 an
775 1630 867 1693 peccet
884 1624 1024 1693 oranter,
1035 1626 1062 1679 ri
1071 1626 1195 1683 crimine

285 1697 574 1767 sotseeiaimpcncti
1029 1720 1033 1727 ·

187 1773 237 1826 eta
252 1774 296 1826 An
305 1785 370 1826 reue
383 1776 510 1825 teneatur
519 1770 642 1826 revetere
652 1770 821 1840 complices?

227 2011 295 2074 979.
309 2044 348 2058 -
365 1949 504 2074 uRasr.
522 2009 589 2069 1.δί
610 2009 875 2086 noninterrogetar
891 2007 1044 2087 legitimi,
1067 2029 1132 2072 non
1149 2021 1193 2073 te-

189 2121 203 2151 ιι
227 2104 315 2158 netur
342 2096 427 2158 fateri
452 2112 540 2155 snum
565 2094 693 2169 crimen,
723 2092 772 2152 sed
800 2101 895 2171 potest
922 2090 1053 2169 judicem
1073 2095 1194 2156 eludare

189 2206 202 2234 ιι
227 2182 274 2242 vel
305 2180 450 2260 ambiguis
478 2178 594 2252 verbis,
627 2178 675 2236 vel
703 2178 790 2236 etiam
822 2177 973 2255 negando,
1006 2196 1073 2237 eum
1094 2179 1193 2257 aliqua

188 2290 201 2319 ιι
225 2266 428 2335 restrictione,
450 2264 523 2324 etin
540 2261 618 2322 hono
639 2278 747 2333 sensu,
770 2269 804 2319 ut
825 2260 1010 2320 mendacium
1027 2261 1115 2322 absit.
1136 2265 1192 2323 Ra·

188 2374 201 2402 ι
228 2351 341 2421 tioest‚
364 2350 433 2427 quia
455 2356 527 2409 tuno
538 2345 630 2425 judex
649 2364 709 2406 non
732 2343 879 2421 habetjus
900 2346 1121 2424 interrogandi,
1141 2358 1193 2410 aut
1221 2392 1224 2401 .

189 2459 202 2487 ι
226 2433 434 2511 obligationem
461 2430 632 2509 imponendi
647 2446 710 2488 reo.
724 2430 766 2488 ita
777 2431 857 2488 Lesa.
879 2437 902 2488 t.
918 2431 947 2489 6.
964 2425 987 2488 1.
1001 2431 1104 2505 neap·
1121 2433 1151 2493 b.
1165 2440 1194 2493 et
1293 2476 1294 2503 t

188 2541 202 2569 ιι
226 2519 305 2578 Bon.
327 2516 358 2576 d.
371 2520 419 2595 10.
430 2534 459 2595 q.
475 2518 544 2594 54).
563 2517 616 2576 9.ιι
638 2497 904 2594 titubantiam.
923 2510 1030 2574 Sancte.
1049 2517 1141 2576 Rene.
1165 2525 1194 2577 et

187 2597 244 2660 clii
252 2599 361 2679 ,juata
373 2599 450 2661 dicta
460 2597 481 2658 1.
492 2602 521 2659 i.
533 2617 565 2658 n.
579 2601 646 2658 ibi.
661 2599 743 2657 exD.
762 2595 816 2658 rb.
827 2600 857 2657 9.
868 2599 899 2657 9.
912 2615 942 2675 q.
957 2597 1005 2656 69.
1018 2606 1077 2658 ort.
1094 2602 1124 2658 1.
1139 2602 1191 2677 qui

186 2684 286 2743 1119.
301 2683 343 2742 sia
353 2683 412 2742 ait:
427 2681 519 2742 ittet
529 2690 572 2743 est
584 2682 735 2742 ueritatem
752 2684 863 2753 taetre,
881 2677 966 2740 obieci
975 2689 1018 2741 est
1027 2678 1191 2763 falsitatem

183 2783 352 2848 proponere.
375 2765 646 2846 Quorumpre'rnnrn
665 2763 700 2824 in
718 2762 819 2843 utiquo
832 2782 902 2825 cocu
920 2761 1004 2839 lieet,
1031 2784 1091 2826 non
1111 2766 1190 2829 enim
1291 2766 1292 2769 ’

185 2849 295 2929 aliquis
305 2857 418 2911 tenetur
432 2867 546 2910 omreern
565 2848 716 2909 veritatem
734 2847 883 2927 eonfittre',
903 2846 954 2908 sed
975 2844 1060 2907 illane
1074 2846 1188 2924 solim,

185 2953 276 3017 qnam
292 2933 329 2996 ab
347 2951 379 2994 eo
398 2939 493 3012 potest
515 2933 663 3015 requirere
670 2930 788 3013 judee,
809 2933 885 3017 nuto
896 2931 963 2993 ram
978 2932 1128 3012 prmeesot't
1129 2976 1186 2997 .....
1290 2972 1291 2981 1

183 3017 317 3102 prabatio
331 3015 513 3100 semipleno.)
576 3110 578 3113 v

572 3192 652 3257 Unde
661 3190 802 3261 resolves:

134 3394 136 3399 ’
221 3377 339 3439 971-
352 3399 367 3430 e
380 3377 408 3436 1.
430 3376 508 3435 ileos
530 3390 591 3434 non
603 3371 720 3433 tenetur
737 3372 823 3434 fateri
838 3373 952 3434 crimen
970 3389 1060 3434 sunm
1079 3393 1088 3431 ι
1107 3373 1136 3433 1.
1154 3372 1183 3434 Si

182 3485 201 3531 ‚a
220 3460 311 3535 judex
329 3459 440 3519 nonsit
458 3458 618 3536 legitimus.
633 3460 663 3518 9.
675 3458 705 3517 si
722 3456 738 3517 1
758 3457 852 3534 seipso
864 3456 927 3519 litis
949 3476 1117 3537 processum
1142 3457 1187 3515 in·

185 3567 198 3594 ι
221 3542 324 3611 charit,
341 3543 404 3600 sine
426 3543 533 3619 proevia
554 3543 737 3603 accusatione
751 3585 761 3614 ‚
775 3542 878 3603 saltem
889 3543 1021 3604 virtuali.
1039 3544 1069 3602 5.
1084 3542 1187 3601 Sinon

184 3642 198 3672 ι
221 3624 365 3695 praecessit
384 3625 544 3701 semiplena
559 3624 710 3702 probatio,
731 3642 785 3690 neo
800 3626 941 3700 infamia,
958 3644 1012 3687 nee
1036 3625 1186 3687 manifesta
