2620 4176
135 185 193 250 tae
345 181 929 269 Lib.l.Dcproaccpticparticularibus.
1007 144 1033 225 ι·

134 295 184 349 tur
198 292 268 347 tuno
285 301 322 353 ex
338 284 452 364 justitia
470 286 552 349 illam
569 285 683 361 dicere,
699 285 767 362 quia
785 302 822 343 ex
836 282 1144 364 juramentopronis·

134 370 212 431 sorio
234 370 332 431 oritur
354 370 493 451 obligatio
508 369 656 447 justitiae:
682 368 734 445 scd
757 365 939 447 probabilius
967 371 1144 435 contradicit

134 455 214 514 less.
226 473 259 514 a.
273 456 323 515 60.
339 453 407 533 quia
430 456 528 525 testis,
540 452 669 531 jurando
683 470 714 512 sc
732 451 882 511 dicturum
898 453 1071 525 veritatem,
1083 473 1144 517 non

134 537 262 598 intendit
274 556 305 598 se
321 539 450 617 obligare
462 557 497 598 ex
509 537 641 617 justitia,
655 536 708 598 scd
720 534 835 603 tautum
849 554 885 597 ex
895 536 1008 599 virtuto
1024 539 1144 619 religio-

135 621 181 681 nis
195 622 229 681 ad
247 623 328 685 illam
348 623 599 684 manifestandam.

173 706 230 767 Sed
247 707 325 768 dices
340 730 348 768 s
363 708 419 785 Qui
441 708 561 780 fraude,
583 714 634 767 aut
653 703 806 767 mendacio
823 704 953 783 'impedit
977 706 1106 787 aliquem
1125 707 1143 775 a

136 788 338 853 consecutione
347 791 420 870 justi
435 793 505 853 boni
518 837 527 866 ‚
544 802 661 854 tenetur
672 793 775 870 utiquc
794 790 1074 853 ad·restitutionem
1091 793 1145 855 da·

136 876 198 936 mni
212 877 304 951 illati,
329 886 419 957 prout
434 878 563 938 diximus
586 874 637 939 lib.
655 879 686 937 l.
706 895 739 936 at.
753 876 820 937 687.
847 877 896 935 Sic
917 876 1009 955 igitur
1032 880 1165 956 pariter¹

137 968 254 1020 tenetur
267 962 409 1022 damnum
425 963 582 1024 restituere
606 962 707 1031 testis,
735 962 786 1037 qui
809 959 935 1019 dicendo
955 979 985 1019 sc
1011 961 1140 1033 nescire,

135 1043 216 1120 quod
230 1044 299 1106 vcrd
318 1047 372 1107 scit
383 1091 392 1120 ‚
403 1046 465 1126 jam
483 1046 608 1126 impedit
627 1064 680 1124 per
696 1046 754 1104 talc
772 1043 958 1104 mendacium
973 1046 1143 1123 proximum

135 1125 152 1188 d
178 1133 382 1194 consecutione
413 1133 459 1193 sui
483 1131 570 1210 juris.
598 1134 637 1193 At
659 1130 856 1209 respondetur
884 1127 940 1190 hoc
963 1132 1142 1208 procedere,

135 1215 253 1292 quando
266 1218 451 1291 mendacium
464 1227 509 1277 est
527 1235 612 1277 causa
628 1217 774 1294 positiva,
792 1216 853 1275 sive
872 1213 1014 1285 influriva
1025 1216 1143 1294 damni;

135 1296 217 1359 scobs
234 1300 259 1359 si
281 1300 397 1363 tantdm
415 1302 557 1380 negativa.
582 1302 675 1363 Testis
695 1309 794 1363 autcm
812 1299 863 1377 qui
885 1298 956 1359 dicit
977 1318 1008 1359 se
1029 1302 1144 1371 nescire
1245 1318 1248 1323 ⁴

135 1383 306 1461 veritatem,
335 1404 425 1464 quam
448 1387 526 1456 scit,
548 1394 593 1445 est
612 1403 697 1445 cansa
719 1381 835 1447 tantbm
864 1382 998 1462 negativa
1017 1382 1151 1459 damni,⁴
1174 1464 1180 1467 ι

134 1465 203 1526 crim
224 1469 341 1530 nullum
360 1479 487 1549 apponat
509 1469 756 1549 impedimentum
784 1468 969 1546 positivum,
998 1488 1044 1537 nc,
1066 1472 1142 1534 alter

134 1567 222 1611 suum
249 1552 300 1630 jus
333 1563 551 1632 consequatur,
576 1554 627 1614 sed
652 1552 749 1615 soldm
769 1571 830 1626 non
860 1561 994 1613 removet
1020 1554 1142 1633 impodi-

135 1644 268 1698 mcntum
294 1638 379 1701 alteri
412 1639 548 1710 obstans,
570 1637 681 1699 scilicet
709 1637 855 1698 desectum
879 1636 1085 1716 probationis:
1102 1638 1142 1701 ad

135 1718 214 1795 quod
241 1720 453 1785 removendum
470 1722 580 1801 poterit
600 1722 721 1798 quidem
747 1722 827 1783 testis
844 1739 880 1780 ex
898 1720 1086 1795 obedientia,
1110 1734 1142 1787 et

134 1801 275 1880 religione
291 1814 325 1867 ut
346 1805 490 1883 diximus,
515 1808 669 1867 autetiam
687 1806 844 1883 aliquando
868 1823 904 1865 ex
918 1803 1060 1867 charitate
1077 1804 1141 1871 csse

134 1885 307 1963 obstrictus,
329 1891 454 1952 sednon
475 1890 657 1970 exjustitia,
683 1892 740 1951 nisi
757 1888 832 1951 iortd
853 1889 1002 1968 peculiare
1021 1901 1141 1970 pactum

67 1968 71 1976 ’
135 1989 201 2033 cnm
218 1985 300 2052 parte
312 1975 457 2037 inieritde
468 1977 591 2037 veritate
601 1976 822 2039 manifestanda.

172 2058 241 2118 att.
252 2093 291 2131 5-
301 2060 358 2120 Pro
365 2062 580 2137 complemento
595 2059 683 2137 lntjns
695 2060 818 2138 puncti,
838 2062 1000 2139 quaeritur:
1011 2063 1060 2122 An
1079 2062 1143 2125 suf.-

134 2138 213 2201 ficiat
229 2142 372 2222 depositio
389 2146 463 2205 sacta
487 2144 602 2205 tantiam
628 2146 659 2203 in
683 2145 815 2222 scriptis,
837 2153 867 2205 cl
888 2163 949 2206 non
976 2146 1142 2207 metentis?
1205 2216 1210 2223 ¹

134 2224 290 2290 Affirmant
304 2229 414 2307 aliqui,
428 2225 562 2291 ctSclm.
580 2236 618 2289 tr.
633 2231 683 2289 ab.
703 2248 728 2289 c.
741 2229 770 2286 5.
782 2247 813 2307 p.
828 2230 858 2288 6.
873 2248 905 2288 a.
921 2230 971 2289 72.
986 2230 1140 2306 probabile

134 2317 240 2386 putant
256 2322 362 2390 :atquc
373 2314 509 2392 praelatos
522 2358 531 2384 ,
551 2323 582 2375 et
593 2314 754 2378 visitatores
775 2311 828 2371 liae
843 2314 982 2391 opinione
996 2314 1080 2377 bend
1094 2317 1139 2377 uti

134 2409 217 2469 posse
235 2396 337 2458 dieunt
348 2399 385 2458 ad
398 2397 554 2477 strepitum
567 2398 739 2472 vitandum;
767 2405 797 2456 et
816 2396 892 2457 hanc
911 2405 1013 2459 tenent
1029 2396 1073 2458 tta·
1085 2401 1141 2461 Ro

133 2473 211 2557 ἀνίᾳ.
229 2488 280 2541 etc.
291 2484 394 2547 saltem
406 2484 431 2544 si
445 2502 529 2542 causa
540 2484 578 2542 sit
593 2484 664 2545 levis
684 2482 1025 2551 momentidommunis
1039 2492 1139 2547 tamen

88 2568 90 2571 ’
133 2566 276 2624 sententia
292 2609 302 2636 ‚
319 2574 350 2627 et
373 2568 554 2644 probabilior
570 2578 657 2646 negat
672 2567 729 2626 hoc
744 2566 877 2627 sufficere
891 2568 921 2627 ia
938 2585 1025 2634 causa
1040 2567 1140 2629 crimi·
1180 2645 1183 2649 Ι

133 2645 212 2717 nali,
233 2655 267 2706 ut
279 2647 404 2710 babetur
422 2669 458 2710 ex
475 2670 541 2711 con.
557 2655 663 2724 Testes,
672 2669 755 2711 caus.
770 2653 799 2711 5.
812 2669 861 2731 qu.
871 2653 902 2711 9.
913 2659 975 2713 etc.
992 2648 1136 2726 Annus,

16 2749 24 2764 ·
134 2728 189 2807 qui
199 2738 288 2791 matr.
300 2751 359 2793 ccc.
371 2742 424 2794 cte.
441 2735 490 2795 ubi
500 2757 508 2792 ε
519 2732 642 2796 Nullius
650 2734 790 2797 alternanti
798 2733 1140 2814 csteubscriptiopquocd
1154 2747 1158 2758 '

133 2815 308 2876 stertentium
321 2814 530 2897 proferendam
543 2838 554 2873 .·
568 2819 637 2879 licet
651 2821 744 2881 valeat
760 2818 822 2880 baec
842 2819 879 2878 ad
896 2818 1080 2895 probandam
1089 2819 1137 2877 in·

131 2899 250 2959 famiam
264 2899 541 2977 cattajudicialitcr,
561 2911 595 2962 ut
612 2900 707 2962 Fclc'n.
728 2910 756 2962 ct
767 2905 838 2963 For.
851 2900 932 2982 opud
949 2899 1044 2960 Salat.
1062 2900 1135 2965 did.

131 3001 164 3043 a.
182 2983 230 3042 75.
244 2983 337 3043 Debet
349 2984 439 3062 igitur
450 2985 593 3064 depositio
606 2986 671 3047 fieri
690 2985 847 3056 arctantis,
864 2996 894 3045 ct
907 2987 981 3047 tacta
995 2985 1136 3065 aliquare

131 3067 227 3138 sacri,
239 3077 272 3128 ut
281 3086 384 3141 cruce,
400 3071 446 3130 vel
457 3071 618 3148 evangelio.
630 3070 799 3131 Sacerdotes
809 3081 907 3130 tamen
921 3070 1028 3130 suflicit
1052 3068 1133 3147 qubd

128 3149 231 3227 jurent
252 3161 326 3212 tacto
345 3161 473 3232 pectore.
488 3151 581 3214 Salat.
595 3153 665 3215 ibid.
679 3174 711 3214 rc.
726 3157 775 3215 76.
1215 3154 1218 3160 ’

169 3237 265 3296 tuder
284 3246 382 3298 autem
398 3239 592 3318 perseipsum
610 3238 697 3299 debet
716 3248 803 3300 testes
818 3239 1015 3311 examinare„
1031 3246 1066 3309 ut
1086 3237 1137 3298 do·

131 3331 198 3381 cent
220 3323 496 3397 communiterDD.
505 3344 572 3384 cum
586 3327 705 3385 Cooorr.
727 3332 756 3384 et
768 3320 861 3385 Salat.
874 3324 924 3383 cit.
934 3341 965 3393 ac,
978 3324 1028 3382 76.
1038 3324 1137 3399 Potest

130 3413 227 3463 tamcn
236 3403 328 3479 judex
338 3424 458 3469 examen
472 3409 555 3471 alteri
569 3408 658 3486 digno
668 3412 856 3477 committere
866 3451 875 3477 ‚
884 3415 972 3483 propt
983 3403 1134 3480 salutaret,

128 3483 343 3546 ibidcatdicunt
360 3500 491 3550 constare
513 3510 548 3552 ex
559 3493 643 3568 praxi
660 3493 793 3553 omnium
810 3489 1023 3561 tribunalium,
1036 3491 1067 3559 'si
1085 3488 1136 3564 jn-

129 3563 184 3619 d⁰¹
202 3563 240 3621 iii
258 3566 415 3643 impeditus
430 3615 440 3645 ,
455 3574 500 3633 vel
523 3574 547 3633 si
562 3582 648 3634 testes
670 3593 730 3637 non
746 3575 859 3654 possint
873 3574 911 3634 ob
931 3580 1133 3642 senectutem,
