2602 4198
363 231 436 309 Cap.
448 229 477 288 2.
490 226 538 288 ‘De
550 223 780 307 confirmatione.
798 225 878 290 Dari.
893 230 921 288 i.
1076 229 1145 290 ’589

109 361 113 368 ·
136 329 329 409 integralem,
349 329 397 388 vei
415 328 452 388 ad
473 342 624 388 summum
640 328 876 405 partialemaeAlii
887 328 1064 407 respondent
1076 348 1144 390 eum

133 412 296 488 Menardo,
312 412 393 491 qubd
411 411 481 473 idad
497 412 630 472 Pontifex
649 413 772 489 loquens
787 413 823 472 de
835 412 1016 473 sacramento
1030 414 1143 473 ordinis

130 517 195 559 *non
220 497 288 556 iecit
303 497 495 556 ¹mentionem
516 497 712 574 impositionis
733 514 893 569 manuum,
906 497 987 574 ·quia
1011 497 1060 556 iila
1081 496 1143 573 jam

44 578 47 583 ⁴
134 591 198 643 erat
210 583 241 641 in
258 578 313 640 usu
326 580 403 658 apud
414 582 557 656 Armenos
569 625 578 652 ,
591 581 698 658 quibus
711 584 891 662 peculiarem
903 582 1036 641 Ecclesiae
1046 600 1144 641 roma·

135 684 181 725 naa
196 667 289 725 ritum
301 666 416 725 tradere
428 666 554 726 volebat.
572 666 629 725 Alii
646 666 843 744 respondent,
855 677 889 726 ut
903 664 1141 742 Garamanticus,

134 747 215 825 quid
236 750 384 826 impositio
398 747 461 825 jam
473 750 623 809 constabat
641 770 677 811 ex
691 752 858 829 Scriptura,
874 761 905 810 et
917 749 984 810 ided
1001 751 1143 809 omissum

133 835 192 894 suit
208 833 246 894 de
260 851 300 893 ea
309 835 490 894 mentionem
505 834 580 893 fieri.
591 835 649 894 Alii
659 837 856 914 respondent,
867 836 1033 915 Enpeninna
1046 836 1144 894 iecisse

135 919 319 978 mentionem
334 917 450 979 tantdm
465 918 503 978 de
524 919 748 993 instrumentis,
767 922 837 998 quia
856 939 910 998 pro
923 921 1035 979 caeteris
1053 936 1084 981 se
1097 937 1143 977 re·

135 1002 217 1061 misit
237 1002 274 1061 ad
291 1002 481 1073 Pontiiicaie,
499 1003 619 1076 dicens,
644 1006 741 1064 Pront
762 1006 797 1065 in
825 1002 998 1083 Pontifieaii
1021 1020 1143 1064 romano
1232 1022 1234 1026 ·

135 1085 195 1145 tati
211 1088 384 1147 continetur.
400 1087 458 1146 Sed
476 1087 581 1148 meiius
600 1089 757 1166 respondet
776 1092 813 1150 P.
826 1090 930 1161 Beati,
945 1086 1024 1166 quid
1046 1091 1144 1167 Enpe-

134 1172 206 1233 nins
223 1173 255 1232 in
281 1172 385 1232 ordine
412 1172 575 1250 designavit
592 1173 787 1235 instrumenta
812 1166 927 1234 tannim
954 1183 988 1233 ut
1010 1173 1143 1251 symbola

134 1274 294 1318 munerum
311 1256 347 1316 ab
365 1256 778 1331 initiandis-exercendorum,
792 1260 824 1318 in
838 1258 1061 1318 confirmatione
1072 1254 1143 1316 verb
1204 1288 1213 1301 ·

134 1343 267 1419 designat
275 1339 402 1400 chrisma
418 1349 452 1400 ut
471 1342 639 1418 symbolum
652 1344 770 1421 gratiae,
784 1361 849 1418 quaa
862 1359 916 1420 per
928 1350 1143 1403 sacramentum

135 1427 306 1502 consertur3
322 1425 415 1503 gratia
434 1434 535 1484 autem
558 1443 617 1485 non
639 1427 806 1499 confertur,
827 1428 883 1486 nisi
905 1427 1002 1488 totalis
1022 1426 1163 1484 materia'

134 1509 491 1586 essentialisapplioetur.
517 1510 616 1570 Subdo
645 1512 726 1571 aliud
744 1529 938 1591 responsum,
960 1510 1040 1589 quod
1069 1508 1143 1570 milri

134 1595 239 1655 tertius
256 1593 400 1652 videtur:
422 1593 460 1653 de
478 1605 659 1656 sacramento
685 1596 798 1657 ordinis
824 1596 976 1677 Enpenias
1000 1595 1142 1673 loquens,

119 1681 252 1759 ‘nullum
268 1678 309 1738 ibi
327 1678 452 1738 verbum
472 1677 541 1738 iacit
554 1680 601 1739 *de
621 1682 811 1759 impositione
831 1700 992 1754 manuum,
1005 1681 1085 1739 unde
1098 1681 1144 1740 vi·

135 1765 223 1824 detur
242 1762 324 1822 iiiam
348 1763 489 1834 tacuisse,
514 1765 646 1823 sednon
671 1767 987 1844 exclusisse310quens
1010 1765 1082 1826 verb
1106 1765 1144 1825 de

134 1854 316 1908 sacramenta
340 1846 586 1918 confirmationis,
601 1865 764 1926 expressam
784 1850 854 1908 iacit
875 1850 1056 1908 mentionem
1083 1857 1144 1909 tam

134 1932 173 1992 de
191 1931 366 2001 chrismate,
385 1930 473 2011 quiam
489 1931 526 1990 de
539 1932 743 2007 impositione,
755 1951 820 2008 qum
836 1932 872 1990 ab
890 1932 1029 2008 apostolis
1042 1932 1073 1990 in
1087 1930 1144 1992 hoe
1207 1934 1210 1941 “

134 2022 317 2075 sacramento
334 2014 539 2075 adhibebatur.
555 2013 684 2085 idcireb,
703 2016 727 2073 si
745 2015 878 2074 Pontifex
899 2023 1027 2092 putasset
1048 2015 1145 2091 impo-

135 2101 273 2160 sitionem
289 2117 350 2159 csse
373 2100 526 2158 materiam
546 2100 583 2159 ab
599 2100 737 2160 unctione
750 2099 936 2168 distinctam,
955 2098 1076 2158 omnind
1090 2100 1142 2158 dc·

135 2184 271 2256 buisset,
288 2202 348 2243 non
373 2181 491 2243 tantiam
517 2183 704 2255 unctionem,
727 2182 777 2242 sed
806 2183 896 2242 etiam
926 2182 1143 2258 impositionem

136 2269 288 2346 designare
304 2285 358 2345 pro
375 2269 515 2339 materia,
529 2274 560 2326 et
581 2269 735 2346 utriusque
756 2268 886 2326 materiae
907 2265 1015 2325 formas
1037 2265 1145 2324 descri-

136 2353 207 2413 bcra
220 2373 229 2428 3
243 2352 312 2412 aliis
329 2369 390 2412 non
411 2362 511 2423 reeta,
531 2353 677 2430 quianon
699 2352 833 2429 integra,
850 2351 900 2410 scd
918 2350 1050 2408 mutilata
1071 2360 1145 2413 essct

135 2437 201 2512 ejus
228 2436 368 2496 doctrina
384 2456 393 2511 3
411 2455 445 2495 ac
466 2437 613 2514 proinde,
642 2433 886 2514 etim-Enpenins
908 2434 1027 2495 reticuit
1049 2435 1145 2513 impo-

135 2521 274 2581 sitionem
298 2520 468 2580 distinctam
491 2520 528 2580 ab
550 2520 690 2580 unctione
702 2562 713 2596 ,
738 2516 861 2578 omniod
885 2517 1043 2578 dicendum
1065 2518 1145 2597 qudd

136 2622 202 2664 cam
215 2604 383 2664 excluserit.
412 2626 414 2633 ¹
1085 2603 1087 2607 ’

137 2730 141 2735 «
175 2689 337 2766 opponunt
352 2689 382 2747 5.
403 2687 483 2766 qudd
498 2682 651 2768 Enpenins
671 2690 704 2749 in
725 2686 842 2748 decreto
855 2687 952 2749 dixitt'
968 2688 1042 2751 Loto
1063 2686 1146 2752 illins

135 2774 246 2835 neanias
266 2771 464 2852 impositionis
487 2771 557 2832 dari
578 2772 611 2833 in
628 2771 758 2834 Ecclesia
782 2770 1041 2852 confirmationem.
1070 2773 1145 2851 Ergd

132 2859 217 2936 iuxta
235 2874 353 2916 sensum
371 2855 515 2937 Eupatii,
527 2858 693 2935 impositio,
709 2876 799 2935 quam
813 2859 937 2936 apostoli
947 2857 1143 2927 adhibebant,

136 2960 217 3001 nrrne
235 2948 345 3000 mutata
365 2949 409 3000 est
434 2943 466 3001 in
481 2940 754 3014 confirmationem,
772 2961 880 3019 nempe
898 2942 944 3019 (ut
964 2941 1086 3014 addunt)
1113 2942 1145 3000 in
1202 2958 1206 2966 ’

137 3024 388 3086 chrismationem.
403 3025 460 3085 Sed
478 3025 554 3085 bene
566 3026 723 3101 respondet
739 3028 821 3086 Cant.
838 3024 998 3085 Tonrncde
1011 3020 1143 3100 catasta-nt.

135 3128 203 3189 cap.
226 3111 255 3169 5.
280 3117 340 3170 art.
357 3113 386 3170 i.
416 3110 475 3192 obj.
496 3112 526 3169 i.
550 3113 579 3169 1.
602 3109 726 3169 afferens
755 3110 845 3169 verba
865 3106 1047 3191 Baitarsnini
1059 3152 1067 3179 ‚
1094 3112 1146 3186 qui

136 3195 175 3255 de
195 3193 329 3273 confine.
351 3190 379 3256 ο.
397 3197 427 3255 9.
449 3196 491 3255 sie
504 3197 545 3254 ait
560 3215 568 3254 ε
583 3195 692 3254 Sensus
712 3211 773 3253 non
792 3200 851 3264 est,
865 3192 992 3253 chrisma
1011 3192 1147 3257 cassiaco

135 3277 336 3357 impositionis
350 3297 516 3350 mannam,
539 3281 627 3361 quasi
643 3275 769 3358 apostati
786 3295 847 3337 non
868 3275 918 3337 nsi
936 3276 1050 3357 suerint
1070 3276 1147 3337 ebri-

135 3370 246 3437 smate,
271 3369 300 3422 et
317 3380 371 3425 nos
390 3383 452 3426 non
473 3372 597 3425 utamur
616 3360 801 3438 impositione
822 3362 942 3422 manis.
968 3359 1025 3422 Sed
1045 3375 1147 3424 sensas

136 3454 196 3520 est,
212 3445 364 3528 idipsam,
385 3447 464 3528 qnod
489 3446 613 3530 apostoli
634 3446 802 3527 faciebant,
822 3447 889 3508 edm
906 3444 1075 3508 dicebantur
1090 3446 1148 3508 isn-

136 3547 244 3610 ponere
263 3549 391 3602 manns,
405 3531 507 3614 ¹faeere
526 3551 606 3592 nane
623 3531 803 3613 Episcopus,
828 3531 895 3592 etim
918 3530 1057 3592 dieantur
1079 3549 1148 3592 eon·

74 3672 77 3679 .
133 3613 277 3693 firnaare,
294 3614 340 3677 nel
357 3615 540 3680 chrismare:
562 3615 756 3697 distinpnitar
772 3616 852 3678 enine
866 3616 913 3679 bis
933 3615 965 3681 in
980 3613 1074 3689 toris,
1087 3634 1148 3676 saon

929 3704 989 3762 55..
