2620 4176
156 215 215 278 ten
362 212 428 278 Lair.
439 215 469 276 t.
483 216 528 275 Da
546 181 696 297 preceptis
710 206 952 292 praetentante.

155 316 272 378 nullum
286 316 330 376 ait
343 315 509 403 pericmum
523 312 691 382 relabendi,
702 310 782 377 rocol
794 306 976 389 probabilids
991 318 1089 373 conset
1103 330 1163 376 nen

154 404 240 480 puseo
259 402 373 461 crimen
395 399 504 467 deterri
528 397 565 459 ud
586 398 790 475 superiorem,
808 393 881 457 ddm
907 414 943 458 ex
968 394 1163 465 declaratione

155 487 188 545 iu
199 478 345 563 congreg.
362 485 395 544 7.
410 484 564 563 ipsiusmet
581 482 731 545 Societatie
749 479 857 543 dicitur
875 478 1015 545 revolutio
1033 481 1164 545 iacienda
1225 540 1230 552 ,

154 586 215 630 ease
232 567 349 631 tuatim
361 568 400 630 iia
414 566 468 648 qui
482 565 641 629 mmodium
652 564 788 629 matam
801 570 961 645 potnemat
971 588 983 642 ‚·
995 565 1083 646 ergo,
1102 586 1164 639 ces·

154 662 237 712 canto
261 653 431 714 necessitate
452 651 599 722 remedii,
620 668 681 712 non
705 650 814 727 poterit
833 649 946 711 crimen
969 652 1163 717 mmttosnrt.

154 737 296 799 Praeterea
308 736 435 797 advertit
446 735 526 796 idem
535 733 812 814 retemptat.
825 733 1163 811 amanuensem,

154 821 393 902 quddprradicta
412 820 502 882 cessio
524 818 578 891 fit,
594 828 628 879 ut
645 820 758 881 crimen
776 819 924 883 reveletur
940 821 1082 899 praelata,
1098 832 1162 889 tan·

155 924 243 985 quam
262 906 355 985 patri,
370 922 432 966 nun
450 901 523 963 veria
540 913 681 980 tanquam
692 902 797 979 jndici.

192 992 301 1052 dide·
309 987 1163 1068 Becquoaddenuntiatiouomevangelicam3queadautem

154 1074 408 1139 denuntiationem
425 1072 596 1149 judicialem
606 1072 734 1150 pertinet
741 1115 755 1142 ‚.
767 1069 831 1137 hec
848 1071 886 1133 ad
906 1073 1052 1151 triplicem
1070 1077 1162 1145 finem

153 1159 207 1220 lit:
229 1161 258 1218 t.
273 1158 319 1229 Ob
336 1158 484 1237 publicem
497 1157 629 1217 criminis
641 1157 837 1232 punitionem.
849 1157 879 1221 2.
890 1156 928 1221 Ut
940 1158 1083 1223 damnum
1095 1163 1163 1229 laeuo

153 1243 340 1304 resarciatur.
359 1244 388 1303 5.
404 1242 443 1302 Ut
455 1241 521 1318 quie
539 1249 677 1316 tanquam
691 1239 828 1316 indignus
839 1240 934 1303 officie
946 1244 1099 1320 privetur,
1112 1255 1163 1317 aut

154 1343 194 1386 no
209 1326 347 1405 indignus
367 1325 512 1404 eligatur,
530 1322 636 1385 autad
661 1323 780 1389 ordines
800 1336 1030 1401 promoveatur,
1050 1339 1102 1389 aut
1125 1349 1163 1393 ue

153 1412 377 1471 matrimonium
387 1406 551 1470 coanahat.
559 1409 599 1469 lit
607 1407 645 1468 de
654 1407 709 1469 luae
718 1407 943 1479 denuntiatione
949 1408 1078 1488 juridica
1087 1433 1163 1493 pre·

153 1492 239 1572 cipue
253 1491 302 1554 ldc
317 1492 513 1554 tractandum.
1155 1560 1158 1566 Δ

157 1567 169 1587 ’
192 1580 228 1640 lit
249 1578 412 1640 notandum
430 1579 455 1638 l.
471 1574 553 1655 qudd
567 1576 698 1637 fraterna
718 1576 924 1645 munitionen
939 1587 985 1643 eat
1000 1583 1163 1653 ammana

152 1680 268 1743 comper
278 1659 482 1741 praemittenda
491 1660 529 1721 ad
537 1660 793 1723 denuntiationem
798 1661 984 1737 judicialem,
991 1663 1077 1740 juxta
1084 1667 1163 1746 dicta

152 1766 222 1815 mon
241 1745 329 1824 cupri
349 1763 382 1805 ιι.
402 1745 474 1806 259.
489 1744 660 1807 Notandum
677 1746 716 1807 11.
738 1743 818 1827 qndd
836 1744 1020 1811 denuntiatio
1037 1766 1166 1829 evanga-

152 1833 207 1894 lica
216 1832 339 1892 transire
347 1837 442 1909 pateat
452 1830 484 1891 in
493 1827 662 1906 judicialem
671 1847 707 1888 en
715 1829 866 1891 mmmuni
875 1832 1163 1915 eontentia‚quandn

26 1980 28 1989 ,
151 1925 219 1995 poet
239 1916 436 1993 evangelicam
451 1931 522 1975 reue
541 1931 603 1975 nen
618 1914 787 1990 corrigitur.
801 1913 1161 1987 Macedoniensem.
1283 1900 1284 1931 ³

153 2008 192 2061 tr.
205 2001 254 2061 dt).
268 2018 294 2059 c.
310 2002 339 2058 δ.
352 2018 387 2081 p.
400 1999 430 2059 5.
445 1996 473 2074 S.
488 1999 518 2058 l.
533 2015 567 2059 rt.
580 1999 629 2059 aa.
642 1996 811 2061 Notandum
825 1994 875 2059 lll.
891 1997 972 2077 qndd
987 2002 1014 2062 ai
1024 2002 1164 2080 melotus

152 2093 204 2143 aut
225 2102 278 2162 per
298 2082 555 2144 denuntiationem
579 2082 795 2159 evangelicam,
816 2091 867 2145 aut
888 2101 940 2162 per
960 2077 1014 2155 se,
1037 2096 1089 2151 aut
1108 2107 1165 2166 por

152 2168 263 2230 indicia
281 2169 454 2229 sufficientia
476 2168 593 2231 noverit
613 2166 725 2231 catatu
750 2166 910 2238 delictum,
932 2168 1029 2246 primd
1051 2175 1165 2249 poturit

152 2254 228 2314 elam
246 2271 316 2313 eum
336 2252 478 2324 mandre,
500 2251 860 2332 prenitentiamaoeretam
875 2253 904 2317 ei
918 2252 1117 2332 injungendo,
1131 2267 1164 2320 ct

152 2336 242 2396 etiam
258 2338 345 2397 illum
366 2336 403 2397 ab
423 2336 536 2410 officio,
559 2345 590 2401 ot
608 2333 626 2397 i
645 2344 791 2397 contentu
810 2336 992 2413 amovcud03
1010 2339 1102 2405 madal
1123 2361 1163 2406 ox

152 2418 208 2480 lace
224 2423 305 2481 nulla
320 2421 348 2483 ei
366 2421 504 2483 obveniat
519 2420 650 2481 iniamia.
666 2418 779 2483 Deinde
792 2420 902 2498 peterit
913 2420 951 2481 ad
962 2422 1018 2485 alia
1029 2425 1162 2489 remedia

152 2505 309 2582 doronir03
322 2504 374 2566 red
384 2549 392 2576 ,
403 2504 471 2567 licta
481 2507 535 2565 ista
544 2522 599 2565 nec
609 2504 699 2565 etiam
707 2503 891 2587 profuerint,
902 2514 931 2564 et
942 2505 1056 2573 crimen
1065 2519 1162 2573 vectu

152 2589 183 2649 in
204 2588 347 2649 damnum
367 2590 458 2650 eulina
478 2589 632 2660 rci,tunc
650 2605 712 2649 nou
733 2587 841 2665 peterit
856 2588 1037 2664 judicialiter
1057 2611 1161 2671 proec-

150 2673 238 2748 dere,
257 2674 315 2733 nisi
331 2673 444 2735 crimen
459 2673 578 2752 probari
597 2673 688 2751 possit
704 2673 809 2736 saltem
823 2691 876 2751 per
892 2674 970 2741 dnos
983 2677 1161 2745 testeraVidc
1282 2724 1283 2757 p

150 2753 244 2820 Nalm.
260 2753 333 2817 tata.
347 2775 380 2817 a.
394 2758 443 2818 55.
455 2756 625 2818 Notandum
638 2759 691 2819 lli.
704 2754 784 2834 qudd
796 2800 804 2828 ‚
818 2759 870 2836 qui
885 2759 1046 2823 fraternam
1058 2765 1160 2826 lecerit
1282 2772 1283 2795 ³

150 2840 423 2913 denuntiationem,
445 2850 541 2919 potest
559 2840 633 2900 iudo
649 2849 683 2899 ut
703 2841 786 2901 testis
806 2840 939 2908 adhiberi
957 2853 1023 2920 post
1043 2844 1159 2911 dennu-

151 2922 489 3000 tiationemjudicialitor
501 2925 624 2996 iactam,
637 2932 671 2984 ut
686 2932 789 2989 tenent
800 2922 894 2987 calm.
908 2928 1157 2995 attenuarem.

83 3002 86 3008 “
150 3017 203 3073 etc.
225 3010 294 3094 quia
315 3009 391 3068 alius
414 3019 459 3070 eet
481 3027 633 3089 pcceeseau
653 3008 884 3075 denuntiationis
903 3011 1067 3090 fraterrae,¹
1084 3015 1160 3079 dicu

150 3094 380 3155 denuntiationis
392 3092 550 3172 judicialia.
610 3158 613 3165 ,

188 3182 255 3239 dli.
271 3211 310 3225 -
323 3178 381 3238 Sed
399 3181 545 3257 quaeritur
565 3181 589 3239 l.
605 3177 712 3240 Utrdm
725 3223 733 3250 ‚
747 3181 773 3240 ei
793 3181 905 3247 crimen
927 3182 973 3249 sit,
987 3184 1159 3261 multtum,

149 3279 204 3324 nec
226 3262 340 3323 laboret
366 3262 507 3338 intumit,
526 3273 556 3324 et
583 3265 783 3325 fraternaliter
801 3266 991 3327 denuntiatus
1010 3286 1071 3330 nou
1094 3287 1162 3331 eur·

148 3342 282 3426 rigatur,
295 3347 386 3423 possit
400 3349 539 3426 prelatus
555 3366 660 3426 cogere
675 3348 896 3410 denuntiatores
912 3351 1113 3430 euangelicos,
1125 3360 1167 3415 ut,

148 3430 255 3488 iaciant
272 3428 524 3503 denuntiationem
539 3431 730 3510 judicialem,
740 3442 773 3494 ot
790 3432 860 3495 inde
874 3432 964 3519 juxta
975 3434 1058 3497 num
1072 3452 1161 3499 coum

148 3511 244 3581 poenis
260 3510 337 3583 j'uris
355 3515 484 3590 puniret
641 3565 646 3571 .

189 3590 293 3649 Primo
305 3598 586 3662 cernendoaffirmat
598 3619 666 3663 oum
674 3598 1159 3686 Sylo.doaolub.otp.opud8alru.
