2610 4186
259 247 333 325 Gap.
347 245 376 305 2.
397 244 443 302 De
458 240 594 302 ministro
606 249 865 304 socruutcutorum.
884 244 960 329 ntro.
975 250 1004 308 ᾖ.
1073 251 1133 312 285

127 346 340 420 absolutionis,
362 344 412 404 sed
433 360 492 403 non
513 343 572 403 crit
593 343 681 403 simul
695 361 776 404 sacro
792 344 895 403 ordine
912 344 1036 422 dignus3
1051 347 1133 408 alind

127 433 209 495 enim
224 428 295 489 sane
317 436 381 498 est,
400 436 430 487 et
449 425 534 486 valde
558 427 727 500 diversum,
742 444 803 485 csse
823 428 995 504 simpliciter
1007 430 1039 488 in
1054 437 1133 490 stata

126 516 250 593 gratiae,
268 511 348 572 aliod
364 530 498 588 magnam
518 511 679 590 bonitatem
694 509 852 587 possidere.
867 509 979 570 ldcircd
991 529 1026 570 ex
1036 514 1133 573 omni·

126 600 183 658 bns
205 595 350 676 predictis
364 595 569 665 concluditur,
584 603 764 673 praeceptum
784 613 845 654 esse
866 594 1022 668 divinum,
1042 604 1072 656 et
1092 594 1131 654 ab

126 681 253 751 Ecclesia
271 679 351 740 omni
373 687 505 755 tempore
521 676 699 757 custoditum
720 696 753 738 ae
772 678 1010 756 promulgatum,
1029 681 1131 758 utqui

125 765 157 824 in
174 763 311 841 flagitiis,
328 763 381 822 etsi
397 762 534 834 occultis,
548 761 586 839 sit
600 761 745 823 recidivus
765 772 816 822 aut
835 760 1022 834 habitamus,
1036 765 1136 840 prius-

125 867 216 925 quam
226 864 324 907 sacros
336 845 453 905 ordines
466 853 611 918 assumat,
625 846 808 907 convenienti
828 846 966 906 castitatis
979 849 1134 925 experien-

125 932 167 991 tia
187 931 225 990 sit
244 928 422 1009 probandus.
440 929 581 1007 Alioquin
592 929 619 989 ei
634 929 672 988 ob
691 929 783 1007 ipsias
796 947 914 1006 grauem
927 933 1136 1008 praesumptio·

14 1012 17 1015 ’
125 1031 213 1082 nem,
229 1024 259 1074 et
271 1014 339 1092 qaia
355 1014 386 1072 in
399 1030 431 1072 re
443 1013 524 1090 gravi
535 1012 630 1090 legem
644 1014 776 1074 Ecclesia
789 1012 929 1086 offendit,
943 1013 1134 1077 confessarius

125 1099 275 1158 tenebitur
290 1098 503 1157 absolutionem
519 1098 671 1174 denegare.

164 1183 213 1241 69.
223 1180 373 1254 *Quoad
384 1180 540 1240 secundam
559 1188 658 1240 autem
678 1189 812 1258 partem,
828 1180 951 1242 minime
966 1183 1133 1261 negandum

113 1283 294 1337 censemus,
308 1265 466 1341 aliquando
483 1266 653 1342 contingere
669 1283 770 1343 passe,
786 1263 865 1342 qubd
883 1266 1024 1338 clericus,
1038 1286 1134 1344 quan·

125 1349 236 1421 tumvis
252 1349 283 1422 in
298 1347 371 1406 vitio
388 1350 484 1407 carnis
515 1347 809 1431 consuetudinarias,
836 1356 866 1408 et
888 1349 1057 1422 recidivus,
1080 1351 1132 1410 tali

124 1431 358 1509 compunctionis
375 1433 467 1510 gratia
484 1431 501 1492 b
520 1435 581 1493 Deo
598 1433 636 1492 sit
655 1432 780 1493 donatus
795 1475 804 1504 ,
821 1442 855 1492 ut
866 1431 971 1510 dignus
985 1434 1133 1495 existime-

124 1525 175 1574 tur
189 1558 197 1587 ‚
215 1515 266 1592 qui
278 1514 402 1591 gradum
414 1515 486 1575 sacri
504 1517 615 1576 ordinis
626 1516 726 1577 statim
744 1533 891 1576 assumere
903 1516 992 1592 possit
1004 1539 1013 1592 3
1023 1524 1053 1576 et
1066 1518 1132 1578 idcd

124 1609 196 1658 tunc
224 1617 314 1675 capax
340 1597 416 1660 bene
438 1599 540 1661 evadet
570 1601 779 1671 absolutionis,
801 1600 934 1677 quamvis
956 1601 1131 1677 praecedenti

124 1683 328 1760 experimento
346 1701 407 1743 non
428 1684 466 1743 sit
491 1684 643 1762 probatus.
659 1686 795 1744 Probatio
810 1685 930 1760 quidem
951 1703 1011 1744 non
1034 1685 1130 1747 soldm
1202 1730 1206 1737 ·

123 1768 272 1836 exterior,
286 1767 438 1827 sedetiam
452 1769 601 1840 interior5
615 1777 648 1828 ut
661 1768 809 1839 diximus,
828 1770 859 1827 ia
882 1767 1050 1844 hujusmodi
1069 1788 1132 1847 poe·

123 1852 286 1911 nitentibus
298 1852 335 1911 ab
348 1853 470 1911 Ecclesia
484 1853 644 1914 necessarii
657 1853 840 1930 postulatum
854 1851 902 1927 sed
918 1869 978 1911 aon
1003 1848 1132 1913 accessa·

32 1994 34 1999 ,
122 1934 171 1996 rib
183 1937 294 2012 requiri
307 1936 432 1996 dicimus
445 1937 650 2014 probationem
666 1936 817 2013 temporis.

163 2020 242 2079 Olim
255 2019 340 2096 juxta
354 2022 478 2098 priscam
501 2021 633 2081 Ecclesiae
652 2019 834 2096 disciplinam
849 2018 981 2091 nemini,
1000 2020 1051 2096 qui
1066 2027 1131 2097 post

123 2113 274 2180 acceptum
285 2104 462 2182 baptismum
474 2104 581 2164 lethale
593 2112 744 2181 peceatum
757 2103 942 2161 commiserat
954 2147 962 2169 ‚
976 2103 1131 2162 ascendere

122 2188 161 2247 ad
172 2187 289 2247 ordines
302 2206 432 2265 unquam
449 2190 691 2265 permittebatur,
710 2187 823 2247 etiamsi
839 2187 1014 2263 condignam
1027 2189 1130 2264 egisset

123 2273 346 2350 prandentium,
366 2279 558 2333 attestantur
580 2276 612 2334 S.
633 2270 784 2346 Isidorus,
809 2272 840 2330 S.
856 2270 1077 2350 Hieronymus,
1101 2278 1130 2330 et

122 2357 155 2414 S.
173 2356 326 2415 Martinus
349 2358 437 2435 Popu
459 2352 800 2435 recrudescentem.
822 2363 909 2431 atque
928 2353 972 2423 ii,
990 2355 1040 2430 qui
1065 2363 1130 2432 post

122 2439 259 2498 ordinem
273 2447 438 2517 susceptum
448 2441 537 2501 semel
546 2442 673 2518 graviter
688 2447 840 2537 peccarent
851 2483 859 2503 ,
872 2440 935 2515 ipso
948 2437 1021 2497 lacta
1034 2456 1129 2498 mane·

121 2522 194 2583 bant
214 2523 359 2601 perpetub
372 2525 524 2602 suspensi,
544 2534 631 2602 prout
643 2524 758 2601 scripsit
769 2526 800 2584 S.
816 2524 939 2603 Greqor.
954 2519 973 2581 l.
986 2523 1016 2580 l.
1037 2541 1083 2603 ep.
1099 2523 1128 2584 7.

48 2654 58 2676 ,
122 2608 237 2667 Deinde
250 2615 348 2669 tamon
361 2609 473 2685 aliquot
486 2618 552 2687 post
567 2609 669 2668 soecula
690 2604 806 2667 tantiam
820 2607 863 2666 illi
878 2651 886 2676 ‚
910 2608 961 2684 qui
979 2607 1129 2668 inlamiam

122 2690 198 2769 passi
220 2701 304 2751 erant
321 2690 358 2751 ab
382 2692 501 2768 aliquod
521 2709 609 2769 grave
625 2691 758 2761 crimen,
777 2700 828 2751 aut
848 2684 995 2768 publicam
1011 2700 1130 2770 egerant
1192 2750 1195 2754 .

123 2774 347 2851 paenitentiam,
361 2773 398 2833 ab
411 2774 565 2835 ordinibus
577 2774 822 2850 excludebantur,
835 2773 917 2850 juxta
932 2775 963 2834 id
978 2775 1055 2851 quad
1065 2775 1131 2852 legi·

124 2859 211 2916 turin
219 2859 323 2917 concil.
338 2857 546 2936 carthaginen.
558 2860 609 2918 lV.
621 2877 686 2918 cau.
699 2860 747 2918 68.
769 2859 818 2917 ubi
826 2903 836 2933 ,
849 2859 899 2916 Ex
913 2856 1128 2937 paenitentibus,

122 2940 260 3016 quarraria
274 2939 315 3001 sit
329 2939 421 3001 botrus
429 2985 439 3016 ,
462 2938 584 3001 clericus
598 2959 659 3001 uou
672 2940 833 3002 ordinetur.
849 2938 975 2999 Dernbm
990 2938 1006 2998 b
1026 2938 1130 2997 soeculo

122 3023 176 3082 Xl.
199 3031 234 3082 ut
249 3021 350 3083 seruat
368 3023 500 3098 Hubert,
516 3031 544 3083 et
561 3022 711 3083 ducamus
723 3066 731 3095 ,
743 3022 863 3094 remissa
874 3023 929 3079 suit
946 3019 1131 3095 hujusdisci-

123 3107 213 3182 plinae
224 3107 379 3179 severitas,
399 3115 434 3165 ut
446 3115 526 3183 patet
544 3124 580 3165 cx
593 3125 659 3165 cau.
677 3103 907 3174 Frateruitatis,
923 3100 992 3161 dist.
1009 3103 1056 3160 bl.
1079 3100 1130 3161 ubi

123 3185 266 3267 Peloqiua
279 3191 356 3268 Papa
369 3191 528 3268 requisitus
542 3190 579 3249 ab
592 3191 733 3266 Episcopo
747 3188 935 3254 Florentino,
952 3201 989 3241 an
1000 3184 1131 3271 conferre

123 3281 221 3348 posset
238 3271 423 3337 diaconatum
438 3274 563 3343 elerico,
580 3273 633 3348 qui
655 3269 831 3345 aliquando,
846 3265 915 3349 edm
931 3274 1006 3325 esset
1027 3265 1131 3341 eonju-

121 3363 228 3430 gatus,
242 3352 395 3417 inhoneste
409 3364 539 3416 versatus
551 3354 646 3414 fuerat
667 3370 734 3411 cum
747 3369 798 3410 sua
820 3349 941 3418 aneilla,
958 3348 1127 3426 respondit:

123 3438 165 3495 Et
178 3437 316 3517 quuatois
325 3437 422 3504 iruulta
440 3439 521 3515 siut,
538 3456 605 3518 que
620 3437 653 3497 iu
665 3432 837 3517 hujusmodi
853 3431 967 3494 casibus
983 3429 1131 3493 obseruari

122 3519 262 3581 cononice
277 3516 384 3601 jubeat
400 3520 591 3583 sublimitat-is
606 3521 785 3595 auotoritas,
806 3525 904 3577 tamea
917 3515 990 3597 quc’u
1004 3512 1130 3594 descetus

124 3612 293 3665 nostrorum
310 3613 469 3686 temporum
483 3649 491 3682 ,
507 3601 613 3685 quibus
630 3622 690 3665 nort
704 3601 799 3666 solum
811 3603 933 3676 merite,
948 3599 997 3663 sed
1009 3617 1131 3691 corporo
1159 3598 1163 3607 '
