2610 4186
269 256 341 336 Cep.
357 255 388 316 5.
401 254 447 316 De
453 253 628 336 suscipiente
636 204 864 317 6666666166.
878 256 958 319 Ded.
972 259 1004 319 2.
1082 259 1143 324 505

131 376 197 423 ram
206 404 215 433 ‚
225 367 282 419 etc.
297 366 327 418 et
350 363 410 418 non
420 365 463 417 ast
477 359 624 418 toleratus
637 401 646 429 ‚
657 357 801 419 nimirdm
818 358 858 419 sit
871 361 1143 424 excommunicatus

131 444 292 516 vitandus,
311 443 358 502 vel
377 441 494 519 publica
517 451 547 502 et
563 443 739 503 nominatim
754 461 936 522 suspensus,
956 446 1004 505 val
1026 445 1142 525 irregu-

122 529 204 590 laris
225 534 280 604 pe'r
299 525 476 587 sententiam
496 523 573 604 (6166
590 525 680 586 Crot'ar
694 522 746 588 116.
764 529 794 587 6.
812 545 844 607 6.
861 530 890 587 1.
905 546 938 588 6.
955 526 1144 605 210.),66611

132 613 283 673 nonlicet
304 611 343 670 ab
364 629 399 671 eo
420 618 521 688 petere
533 616 712 671 sacramenta
723 654 731 682 ‚
742 610 799 671 6161
819 612 851 671 16
867 620 997 672 extrema
1012 614 1058 672 vel
1077 631 1145 691 gra·

132 697 255 755 sissima
274 695 462 754 necessitate:
478 695 510 753 in
527 713 584 772 qua
605 712 707 755 omnes
723 695 826 755 dicunt
844 695 958 755 licitum
976 713 1038 757 6666
1055 696 1146 756 susci·

132 795 208 859 pere
226 776 429 857 baptismum,
452 786 483 838 et
505 779 728 856 paenitentiam,
751 787 785 838 ut
800 777 890 840 8666.
915 781 944 839 5.
957 798 989 862 6.
1003 778 1072 841 diat.
1095 782 1144 840 tt.

133 870 206 927 6661.
224 865 254 922 1.
267 881 300 923 6.
316 864 347 923 6.
367 864 452 923 Ceret.
470 865 581 922 Tauro.
605 861 640 923 66
652 880 714 924 666.
732 880 798 942 666.
814 866 846 924 2.
866 871 926 923 ort.
951 868 978 923 t.
993 863 1021 945 §.
1041 866 1070 924 5.
1083 865 1147 924 66-

135 946 354 1009 1616666666.
372 966 398 1007 6.
414 950 444 1006 2.
460 963 490 1025 6.
506 948 555 1006 15.
570 949 683 1007 Bonae.
705 946 741 1007 66
760 947 967 1008 excommunic.
985 947 1055 1010 666.
1069 952 1099 1008 2.
1113 967 1144 1028 q.

136 1032 168 1092 1.
182 1050 217 1113 p.
229 1034 259 1092 2.
275 1030 303 1111 S.
317 1032 347 1092 5.
366 1029 457 1091 66616
471 1028 493 1089 1.
509 1032 538 1090 6.
547 1049 580 1110 p.
597 1034 625 1090 1.
638 1051 671 1090 6.
683 1033 752 1092 209.
769 1029 903 1093 6186166.
918 1031 953 1093 de
964 1051 1092 1094 6666666.
1112 1031 1146 1093 16

132 1134 204 1196 666.
223 1136 249 1177 6.
264 1118 294 1177 8.
303 1124 338 1196 p.
354 1118 385 1176 2.
399 1117 493 1175 616.
515 1123 544 1175 ct
558 1116 607 1175 18.
623 1135 689 1176 6616
706 1118 795 1196 Saye.
808 1117 903 1176 Groo.
920 1118 1022 1185 Coro„
1037 1122 1091 1175 etc.
1110 1133 1146 1176 66

136 1204 180 1262 D.
196 1203 273 1281 dap.
298 1197 320 1260 1.
346 1204 376 1261 1.
393 1198 520 1279 666661.
536 1218 602 1278 cop.
624 1202 673 1260 11.
698 1201 780 1260 ldenr
793 1200 986 1279 probabiliter
998 1192 1035 1258 66
1052 1216 1146 1260 sacra-

136 1297 240 1348 manta
254 1284 443 1345 Eucharistiae
459 1283 563 1344 dieunt
577 1285 655 1344 Nae.
674 1301 741 1363 cop.
766 1286 814 1345 22.
831 1303 864 1343 6.
881 1285 911 1343 la.
929 1286 1017 1344 Sator.
1033 1278 1055 1341 1.
1069 1301 1094 1343 6.
1112 1302 1145 1346 6.

139 1373 190 1432 17.
211 1375 289 1432 Boo.
305 1366 328 1429 1.
343 1389 370 1430 6.
387 1367 463 1430 Vivo
477 1368 512 1429 66
524 1388 598 1430 socr.
616 1387 646 1449 6.
667 1373 696 1430 1.
709 1389 738 1429 6.
752 1372 782 1432 8.
802 1387 886 1429 auat·
900 1371 948 1429 10.
961 1386 1027 1428 6616
1043 1369 1104 1428 Sat.
1119 1376 1147 1428 et

137 1452 233 1518 86166.
247 1453 319 1516 1616.
336 1473 370 1514 6.
384 1455 433 1514 22.
446 1472 512 1513 cum
532 1453 674 1535 dornejo,
689 1455 793 1535 Ν666.
807 1454 920 1531 (contro
936 1455 1025 1530 8666.
1037 1449 1126 1512 ,16116
1134 1496 1144 1528 ,

133 1539 214 1617 etc).
234 1541 271 1598 Et
286 1536 415 1597 adhaeret
430 1538 513 1598 Coot.
529 1540 638 1597 Tauro.
664 1535 718 1598 166.
738 1540 835 1598 61666
855 1555 921 1617 cap.
943 1535 1027 1611 Quod
1042 1535 1076 1596 16
1097 1545 1146 1608 te,

138 1620 174 1683 de
187 1622 291 1703 poenit.
316 1630 347 1681 et
369 1639 441 1681 rem.
462 1622 631 1681 60116666.
650 1624 715 1684 111.
736 1623 870 1699 quamvis
889 1631 976 1701 neget
996 1619 1148 1681 morienti·

137 1705 195 1766 bus
215 1715 379 1766 extremam
394 1707 567 1765 unctionem
584 1715 718 1785 tempore
736 1705 884 1766 interdicti
903 1704 1066 1784 generatis,
1088 1723 1148 1766 nou

138 1800 226 1868 negat
248 1797 348 1849 tamen
368 1791 592 1868 penitentiam,
613 1791 763 1866 viaticum.
785 1791 867 1850 idem
889 1789 1020 1849 sentiunt
1042 1789 1078 1847 66
1102 1806 1149 1848 aa·

138 1883 291 1936 eramento
311 1875 457 1935 extremae
468 1874 614 1933 unctionis
633 1871 737 1934 Eaeod.
756 1874 975 1936 6666611116.
995 1889 1046 1949 op.
1061 1871 1149 1932 66616

139 1955 171 2018 6.
190 1977 223 2018 6.
241 1961 309 2019 209.
334 1956 370 2019 ed
396 1957 475 2035 qudd
504 1959 561 2017 tate
589 1964 803 2015 sacramentum
824 1964 919 2033 potest
939 1972 992 2032 per
1017 1954 1150 2014 occidens

139 2044 265 2120 gratiam
292 2060 429 2117 causare3
452 2041 503 2101 sed
522 2038 628 2100 melitis
652 2040 683 2099 id
700 2058 760 2099 non
786 2038 945 2098 admittunt
962 2038 1051 2097 Sator.
1069 2040 1148 2098 Bao.

139 2123 175 2186 11.
189 2145 228 2186 oe.
246 2123 331 2189 Ettet
344 2135 411 2186 tom.
426 2127 459 2185 5.
482 2144 513 2205 6.
530 2127 577 2185 09.
600 2144 631 2185 6.
646 2126 695 2184 07.
710 2125 782 2184 item
803 2124 890 2182 0666.
913 2117 986 2181 Fttt.
999 2116 1107 2191 Avila,
1122 2125 1151 2179 et

143 2212 266 2291 dornejo
279 2211 361 2292 6666
381 2208 474 2270 Salat.
495 2209 567 2271 1116.
588 2229 620 2269 6.
641 2211 690 2269 25.
714 2209 770 2268 6161
791 2205 909 2286 666666
932 2204 1068 2265 infirmus
1089 2221 1150 2265 non

140 2297 272 2373 potuerit
302 2294 382 2356 61166
416 2303 630 2359 sacramentum
649 2295 789 2372 recipere.
813 2292 926 2350 Pariter
944 2289 1046 2348 dicunt
1060 2289 1150 2348 Sace.
1255 2332 1258 2336 .

142 2376 166 2439 1.
194 2398 219 2440 6.
242 2386 274 2440 et
297 2382 384 2441 Gom.
403 2397 453 2459 op.
479 2377 657 2439 8616611116.
677 2398 708 2438 6.
728 2380 777 2437 et.
801 2375 916 2434 licitum
935 2390 997 2432 6666
1021 2372 1152 2449 recipere

140 2481 259 2524 sacrum
274 2463 410 2524 ordinem
426 2462 464 2521 ab
479 2460 619 2540 Episcopo
640 2459 907 2531 excommunicato,
922 2456 1041 2535 666666
1058 2457 1089 2515 16
1103 2455 1152 2515 ali·

141 2564 202 2625 qua
225 2549 375 2626 provincia
390 2555 503 2607 remota
524 2546 575 2607 illa
595 2548 674 2607 solus
688 2546 845 2614 existeret,
866 2553 896 2603 et
918 2542 984 2602 tatis
1006 2542 1151 2602 ordinatio

141 2630 324 2692 redundaret
336 2632 367 2691 in
380 2631 493 2692 bonum
506 2630 737 2692 communitatis.
751 2630 831 2689 idem
846 2627 948 2688 dicant
965 2627 1077 2705 praefati
1089 2626 1150 2686 dd.

141 2716 182 2777 de
200 2722 381 2776 sacramento
404 2715 606 2788 matrimonii,
623 2734 691 2775 casu
712 2732 772 2793 quo
792 2722 867 2774 csset
885 2713 1079 2779 necessarium
1104 2708 1152 2771 vel
1267 2784 1275 2797 ι

141 2800 182 2875 66
202 2801 325 2860 salutent
345 2800 528 2878 spiritualem
555 2800 725 2873 morientis,
750 2800 800 2861 rel
820 2798 857 2858 ad
878 2815 1013 2876 magnam
1040 2796 1153 2856 utilita-

141 2895 207 2948 tem
228 2887 421 2962 temporalem
446 2882 599 2956 fitiorum,
626 2902 680 2945 666
703 2886 777 2946 61166
801 2885 912 2944 adesset
938 2881 1083 2942 minister.
1107 2878 1153 2940 du

143 2977 245 3028 autem
263 2968 532 3028 excommunicatus
552 2969 690 3029 vitandus
711 2969 807 3030 661166
828 2967 974 3028 ministret
992 2977 1154 3022 sacramen·

143 3063 211 3114 tum
226 3052 406 3131 poenitentiae
416 3052 448 3110 in
466 3059 595 3113 extrema
612 3055 801 3114 necessitate?
815 3053 876 3112 Hoc
889 3047 1056 3126 negandum
1068 3064 1076 3102 a
1089 3041 1154 3103 6166

144 3136 363 3199 6166666666.
379 3139 446 3197 660.

185 3224 272 3300 Resp.
301 3223 340 3281 tt.
363 3222 393 3280 Si
409 3220 480 3281 verd
497 3220 632 3281 minister
656 3223 696 3279 sit
714 3215 1000 3287 excommunicatus,
1022 3212 1071 3271 vel
1092 3228 1156 3271 sus·

146 3323 255 3386 pensus
271 3305 413 3365 toleratus
425 3348 434 3376 ‚
448 3304 571 3380 quaestio
586 3312 630 3362 est
644 3304 721 3362 inter
730 3304 795 3360 nt).
809 3318 846 3358 an
860 3298 947 3356 liccat
961 3295 998 3354 ab
1007 3312 1042 3354 eo
1056 3300 1155 3373 petere

145 3398 326 3449 sacramenta
347 3385 512 3465 sine⁴gravi
535 3391 640 3445 causa?
658 3389 772 3463 Negant
795 3383 861 3452 alii,
885 3380 936 3439 sed
959 3377 1155 3437 6661666116-

146 3474 313 3549 mandum3
331 3473 400 3552 6616
421 3489 504 3532 6666.
525 3472 745 3531 constantiense
766 3463 897 3527 absoluta
923 3463 1063 3525 concessit
1082 3461 1157 3522 fide·

147 3559 227 3620 libus
247 3557 487 3618 communionem
513 3574 582 3616 cum
599 3555 752 3632 toleratis5
769 3550 836 3613 6166
852 3548 930 3610 dioto
959 3565 1042 3608 aean.
1066 3548 1115 3609 116.
1128 3553 1157 3606 at

147 3641 271 3704 6166666
283 3641 318 3702 66
335 3658 411 3702 ocos.
429 3640 542 3700 6159.
981 3721 1019 3777 &G

981 3746 1000 3781 L
1024 3762 1031 3778 ·
