2576 4168
187 175 228 240 lo
421 174 1000 259 utt.u.neprccepmpoaicutcrttm.

185 302 222 344 oc
247 284 361 355 molus,
377 291 555 345 commentat
570 281 691 342 Gbsaa:
709 279 825 363 Sufficit
848 279 977 363 allecem
995 300 1057 351 ιιι
1075 290 1193 355 malm

186 384 264 444 osae,
279 377 312 428 ut
328 376 409 429 notat
420 366 510 426 etiam
527 365 633 425 Gloasa
645 366 679 426 in
691 365 865 447 inplicet,
881 383 941 427 eos.
958 368 987 427 8.
999 388 1031 449 q.
1043 373 1073 436 t.

225 450 281 511 Sed
299 449 421 511 omnino
445 449 607 510 tenendum
629 466 697 510 cum
720 447 848 509 secunde
865 449 1030 523 tornutio,
1052 456 1139 533 quod.
1157 460 1192 523 in

187 534 334 596 beneficiis
353 536 461 595 curatis
485 541 621 594 teneatur
639 533 696 593 sub
718 533 800 610 gravi
826 542 969 611 patronus
983 535 1079 599 adbuc
1099 542 1191 605 iriam

183 628 361 694 praesentare
376 617 555 698 digniorem.
586 617 648 677 lloc
674 615 749 675 mihi
770 625 884 676 eertum
909 617 1047 693 videtur,
1068 627 1191 701 quirin

183 700 230 761 his
243 702 392 763 beneficiis
413 701 515 761 eadem
534 700 638 778 otique
656 700 732 760 ratio
754 701 868 771 currit,
884 718 951 779 qnae
962 702 995 762 in
1012 706 1193 787 Episcopum.

183 785 239 845 bus
252 829 260 859 ‚
273 804 328 865 pro
349 785 456 865 quibus
468 785 530 862 jam
545 783 704 845 declaravit
721 784 946 858 Tridentium,
959 796 995 847 ut
1013 791 1100 866 supral
1114 793 1192 856 vidi-

182 868 546 947 mua,iquibnscumque
568 867 702 946 patronis
724 867 940 944 promovendos
953 871 1188 950 essedignioras.

182 952 276 1030 idque
290 953 409 1013 videtur
431 951 509 1012 clare
534 950 703 1012 confirmari
727 969 763 1012 ex
775 968 862 1033 prop.
881 950 962 1014 dom.
983 957 1033 1016 ll.
1046 966 1086 1017 ut
1100 960 1190 1038 cupid

86 1043 91 1050 '
181 1036 227 1114 (ut
241 1036 315 1098 bend
328 1037 455 1098 advertit
472 1035 563 1096 Graia
575 1054 610 1095 u.
623 1034 715 1113 585),
732 1052 799 1113 quta
818 1037 1006 1115 intelligenda
1019 1049 1064 1101 est
1075 1059 1112 1105 ex
1127 1058 1191 1105 ver·

180 1118 243 1191 bis,
262 1120 383 1199 quondo
394 1117 614 1198 ritmocvraus,
628 1136 691 1179 non
710 1117 807 1179 aolrlm
831 1118 870 1179 de
892 1121 1131 1203 uplaeopnibos,
1154 1128 1189 1189 in

180 1205 288 1282 quibus
306 1224 367 1266 non
391 1205 427 1265 iit
441 1220 623 1274 concursus,
644 1203 695 1263 aed
717 1205 807 1264 etiam
827 1202 866 1264 de
883 1204 1032 1267 bmelidis
1055 1213 1187 1285 curatis,

178 1305 245 1364 qum
263 1304 317 1368 per
334 1304 508 1351 concursum
521 1287 724 1348 conferuntur.
742 1287 772 1346 Si
788 1286 858 1348 vero
878 1288 1021 1350 benefiffl
1035 1292 1095 1353 sint
1111 1294 1189 1355 alm·

178 1371 281 1450 plicia,
301 1382 391 1453 prout
407 1371 560 1450 probabile
584 1378 646 1445 est,
660 1371 818 1449 Episcopos
838 1389 899 1432 non
915 1371 1009 1434 teneri
1030 1377 1086 1436 sub
1103 1380 1186 1456 μανι

178 1477 212 1519 ea
225 1458 411 1536 dignioribus
424 1456 578 1526 conferre,
594 1455 635 1515 ita
654 1454 810 1532 probabile
823 1457 913 1516 etiam
937 1466 982 1517 eat
994 1459 1033 1518 ad
1053 1458 1109 1531 boc
1125 1481 1186 1524 non

179 1543 272 1602 leniri
291 1549 449 1620 patronos3
472 1538 523 1598 sed
537 1539 608 1618 quia
630 1538 813 1616 probabilius
833 1548 896 1608 eat,
918 1549 953 1600 ut
969 1541 1119 1616 diximus,
1133 1544 1185 1608 illa

177 1625 360 1704 dignioribus
376 1623 550 1684 conserenda
573 1639 654 1696 esse,
673 1624 714 1682 ita
732 1621 822 1681 etiam
837 1621 1019 1699 probabilius
1031 1640 1185 1689 censemus

177 1715 314 1785 patronos
337 1707 430 1766 teneri
450 1705 505 1764 snb
516 1706 597 1784 gravi
616 1704 765 1783 digniores
781 1714 969 1783 prasentare.
985 1709 1069 1768 ilatio
1092 1712 1185 1787 potis·

175 1792 269 1864 aima,
289 1789 412 1851 utbend
432 1791 474 1850 ait
486 1788 594 1850 Soneb.
609 1788 640 1850 d.
659 1786 712 1850 tit.
731 1790 764 1851 9.
782 1806 808 1850 c.
830 1790 860 1849 l.
885 1788 955 1852 dub.
967 1792 996 1851 5.
1009 1809 1044 1852 ιι.
1060 1794 1093 1853 5.
1108 1797 1184 1871 quia

175 1874 246 1934 aliis
266 1877 417 1936 evenirent
434 1873 535 1933 eadem
549 1873 802 1943 inconvenientia,
819 1891 885 1950 qum
900 1869 1065 1951 sequuntur
1076 1877 1183 1941 exboc

175 1957 254 2035 qubd
269 1960 409 2018 electores
419 1975 480 2018 nnn
493 1957 605 2035 eligant
623 1957 811 2035 digniorem,
834 1964 924 2034 prout
939 1957 1026 2041 sapsa
1046 1959 1184 2022 animad-

174 2043 334 2114 vertimus,
349 2040 418 2101 cvlm
436 2042 594 2120 Episcopus
616 2059 676 2101 non
695 2042 787 2118 possit
802 2041 933 2119 alioquin
944 2042 1086 2119 repellere
1104 2061 1185 2122 prce·

172 2136 336 2197 sectatum,
348 2126 372 2185 si
385 2126 423 2184 sit
441 2124 585 2198 idoneus,
600 2125 714 2184 etiamsi
727 2124 846 2202 dignior
866 2125 1183 2194 occludendum

172 2210 346 2270 sententiam
364 2216 466 2267 tenent
478 2207 586 2267 Soncb.
605 2206 626 2266 l.
647 2225 672 2267 c.
689 2206 779 2268 Greia
791 2226 824 2267 ιι.
840 2209 908 2268 tut.
927 2210 1004 2272 Vrbe
1017 2206 1040 2268 l.
1055 2222 1082 2269 o.
1095 2227 1126 2289 q.
1145 2213 1182 2275 l.

171 2302 200 2353 ct
214 2292 307 2353 Sabo.
321 2308 387 2352 cum
406 2287 481 2353 Mol.
499 2293 580 2351 Bon.
602 2293 691 2371 Voaq.
704 2294 794 2353 Azor.
806 2294 887 2353 ιιιι.
904 2301 938 2352 et
948 2293 1082 2353 camdem
1097 2303 1181 2358 tenet

171 2378 252 2457 lupo
265 2377 334 2437 dict.
347 2374 416 2437 out.
429 2374 478 2434 55.
493 2393 525 2433 ιι.
547 2374 595 2434 59.
608 2377 743 2452 quamvis
755 2377 880 2454 excipiat
893 2377 1066 2454 capellanias
1080 2414 1092 2448 ‚‚
1103 2397 1182 2455 ques

171 2465 236 2538 quis
249 2481 302 2540 pro
319 2460 406 2520 libito
420 2460 451 2518 in
471 2459 569 2536 aliqua
588 2461 696 2538 capella
707 2478 768 2519 suae
779 2460 898 2520 familiae
912 2461 1040 2521 instituit
1051 2504 1060 2533 ,
1072 2469 1178 2525 conten

169 2544 276 2608 Moliri.
293 2546 383 2605 Azor.
394 2551 423 2602 et
439 2544 528 2621 Vasq.
538 2542 621 2623 opud
642 2542 717 2603 Vivo
731 2546 838 2623 Opoac.
849 2542 884 2604 dc
894 2542 1010 2626 benefic.
1022 2562 1053 2624 p.
1063 2545 1132 2604 bo.
1143 2547 1178 2607 Ξ.

169 2647 252 2690 vtum.
265 2630 295 2688 b.
313 2628 382 2705 qula
397 2624 455 2687 boc
465 2627 629 2687 concedunt
641 2625 757 2686 tantiam
772 2626 977 2688 fundatoribus
988 2670 997 2700 ,
1007 2642 1067 2688 non
1076 2632 1178 2704 putem

170 2710 395 2771 successoribus.
891 2742 894 2745 -

206 2797 255 2856 98.
276 2827 315 2838 -
333 2793 412 2853 Dub.
427 2795 457 2853 5.
474 2809 511 2852 an
530 2794 708 2873 resignantes
727 2794 869 2855 beneficia
883 2795 972 2854 etiam
984 2792 1114 2860 debeant
1124 2798 1180 2859 di·

167 2879 300 2960 gniorem
313 2881 469 2954 quaerere?
482 2879 515 2935 ln
528 2876 585 2936 hoc
598 2879 697 2953 plures
710 2878 832 2936 diversae
846 2877 954 2937 adsunt
971 2879 1133 2940 sentcntiae.

149 3008 154 3009 ff
206 2963 311 3021 Prima
325 2968 411 3038 negat
429 2976 496 3019 cnm
515 2959 623 3020 Souob.
644 2959 753 3021 Cousil·
769 2955 790 3018 i.
815 2963 845 3020 2.
866 2980 892 3020 e.
911 2962 940 3022 l.
954 2950 1024 3022 dub.
1045 2963 1076 3021 7.
1091 2981 1126 3023 ιι.
1139 2967 1174 3028 l.

166 3049 245 3107 Lesa.
263 3040 284 3103 l.
298 3044 328 3102 t.
341 3061 367 3102 c.
380 3044 430 3103 el.
448 3060 481 3101 ιι.
496 3044 544 3101 dl.
565 3058 631 3105 ιιιιιι
650 3043 717 3123 Coj.
738 3040 807 3104 Pol.
823 3050 908 3104 tract.
929 3044 978 3105 15.
996 3043 1073 3125 disp.
1094 3049 1172 3128 tp.

167 3130 215 3188 ll.
229 3126 255 3206 §-
271 3129 299 3187 ἓ.
313 3145 397 3186 curn.
410 3128 459 3186 ll.
476 3127 548 3185 item
568 3129 655 3185 Aaou.
672 3125 804 3187 unroco.
821 3126 952 3188 Mercuri.
966 3124 1069 3188 solon
1089 3132 1175 3211 opud

164 3208 258 3272 Solon.
278 3209 313 3271 de
340 3207 435 3289 benef.
456 3205 522 3269 eccl.
545 3226 570 3269 c.
594 3209 674 3269 ιιιιίι.
694 3229 728 3290 p.
751 3212 782 3269 8.
799 3209 828 3289 g.
848 3211 878 3269 6.
893 3230 926 3271 ιι.
952 3213 1021 3271 550.
1037 3219 1066 3271 el
1088 3214 1175 3294 Lupa

75 3296 80 3303 '
164 3291 233 3354 dict.
242 3291 363 3353 donn.
376 3295 425 3352 lb.
440 3301 524 3352 vocat
532 3310 718 3355 communem
730 3310 797 3353 cum
810 3290 938 3355 Moldcr.
951 3295 1004 3367 So,
1018 3295 1174 3372 atiliano,

163 3386 194 3435 et
207 3376 269 3453 ipsc
283 3379 364 3457 Lupo
382 3394 449 3436 cum
467 3379 557 3456 Voaq.
572 3376 755 3452 probabilem
771 3383 866 3440 vocat,
887 3378 990 3448 ilatio,
1008 3374 1080 3453 qula
1096 3382 1179 3440 roei*

163 3475 255 3535 gnans
270 3460 331 3516 sivo
344 3468 526 3518 commutans
546 3459 722 3519 beneficium
747 3476 811 3520 non
829 3467 874 3519 est
896 3459 1079 3537 dispensator
1097 3460 1176 3541 boni

164 3541 349 3612 communis,
369 3541 419 3600 aad
435 3541 509 3601 boni
528 3544 572 3601 sni
584 3564 593 3618 ς
606 3542 686 3603 unde
706 3558 767 3607 non
789 3553 886 3620 peceat
900 3552 1004 3604 contra
1021 3541 1177 3618 incutiam«
