2562 4166
163 264 220 325 aaa
375 255 699 339 estemproeapeo
711 250 953 338 petroniani.

53 412 58 415 .
165 379 253 424 nemo
268 357 506 423 condemnandas
517 397 526 428 ,
537 356 594 417 nisi
612 364 727 419 constet
742 354 779 415 de
789 353 852 431 ejus
863 351 988 413 erimine
1000 394 1008 423 ,
1020 367 1059 411 ex
1075 345 1097 412 i.
1109 349 1166 412 Ab·

166 452 293 515 sentem,
307 441 343 522 ff.
359 440 394 504 de
403 442 517 523 peni’s,
536 446 564 500 et
582 436 604 501 1.
624 438 736 501 Meet.
758 455 785 497 e.
797 435 832 497 de
844 434 925 516 prob.
942 435 993 495 ubi
1010 433 1049 494 ad
1070 435 1168 512 prole·

164 527 287 588 rendam
310 525 485 588 sententiam
508 522 658 605 sanguinis
672 522 859 603 probationes
878 519 987 581 debent
1011 536 1075 580 esse
1103 518 1166 579 luoe

165 611 313 672 olariores.
325 612 361 671 Et
375 608 450 669 hane
474 609 562 668 fuisse
581 616 710 668 mentem
728 605 897 674 Pontifieis,
915 602 984 664 etim
999 602 1168 682 praedictam

165 711 250 774 prop.
260 683 1167 769 2611116111,ἀίευῃιιαπηὺῶἲίραεπετώίὶαμδαὶωάόπῶ.

204 778 303 852 Quor.
317 780 357 838 ll.
370 778 415 837 An
425 777 455 835 in
470 777 564 837 eaesis
575 775 708 835 civilibus
715 768 915 844 dabeatjudex
930 771 1061 848 judicare
1069 779 1169 830 eontra

166 862 332 939 legitimum
347 876 563 938 possessorem,
583 859 608 922 si
629 857 719 918 actori
734 857 830 917 laneat
849 856 950 934 opinio
963 855 1167 933 probabilior?

167 947 286 1005 Certum
300 954 344 1005 est
354 947 384 1004 1.
396 943 475 1020 qubd
489 943 513 1002 si
534 943 662 1002 rationes
673 942 733 1001 sint
747 940 872 1018 aequales
884 983 892 1011 ,
906 939 1170 1018 jndieandumpro

167 1027 298 1106 legitimo
321 1044 503 1106 possessore,
520 1033 554 1085 ut
571 1025 675 1103 probat
695 1023 803 1084 Soneio.
822 1021 857 1084 de
871 1030 962 1085 metr.
984 1019 1006 1083 1.
1022 1025 1052 1084 2.
1066 1022 1102 1083 d.
1118 1026 1169 1084 11.

166 1129 199 1170 a.
216 1112 264 1170 17.
282 1129 348 1171 cern
361 1113 441 1184 Soto,
460 1113 527 1170 Coo.
538 1106 617 1188 Spin.
630 1105 705 1168 Mol.
719 1115 746 1168 et
760 1103 830 1167 aliie
845 1104 1025 1179 insonueris,
1039 1122 1100 1187 rep.
1115 1111 1167 1170 65.

166 1194 202 1257 eie
213 1214 274 1277 rep.
290 1196 355 1277 jur.
373 1195 407 1255 in
425 1197 455 1253 6.
478 1194 528 1253 ubi
554 1194 663 1254 dieitur
677 1212 685 1252 a
701 1194 739 1253 ln
759 1194 830 1271 pari
848 1190 972 1264 delicto,
990 1192 1037 1265 oei
1056 1210 1168 1267 eausa,

164 1279 264 1359 potior
280 1288 323 1341 est
334 1277 461 1340 conditio
477 1275 661 1357 possideretis.
679 1277 776 1346 Retio,
791 1277 860 1355 quia
882 1274 950 1339 ticet
967 1278 998 1337 in
1016 1278 1107 1340 dubio
1121 1278 1170 1356 jas

167 1365 205 1426 sit
221 1365 332 1441 equale
354 1362 450 1442 quoad
470 1363 698 1440 proprietatem,
721 1363 818 1440 potius
830 1371 928 1423 tamen
949 1370 993 1422 est
1005 1361 1058 1439 jus
1077 1365 1174 1441 possi·

167 1448 282 1517 dentis,
299 1448 349 1524 qni
370 1455 466 1505 certus
487 1455 531 1504 est
548 1444 624 1521 juris
642 1445 819 1523 possidendi.
833 1448 952 1506 Certum
978 1456 1022 1507 est
1038 1449 1079 1509 2.
1091 1447 1173 1527 quod

167 1533 198 1591 in
211 1531 300 1591 dubio
318 1528 526 1609 possessionis,
546 1538 577 1589 et
586 1531 774 1607 proprietatis
792 1528 981 1606 judicandum
992 1539 1035 1591 est
1046 1549 1103 1610 pro
1117 1549 1169 1603 eo,

168 1615 218 1692 qui
238 1613 325 1675 babet
348 1608 476 1675 rationes
501 1614 734 1690 probabiliores,
760 1613 790 1672 id
811 1621 890 1690 patet
907 1632 943 1673 ex
959 1631 1045 1692 prop.
1070 1618 1101 1676 2.
1120 1616 1174 1676 des

168 1706 267 1757 mnata
280 1697 317 1757 ab
335 1698 438 1756 Immo.
456 1698 517 1757 XI.
531 1715 596 1773 quoe
618 1695 955 1765 dieeboteProbobiliter
976 1697 1111 1759 existimo
1118 1698 1174 1778 joa

167 1778 257 1840 dicem
274 1796 356 1861 pesse
366 1778 501 1860 judicare
518 1779 611 1860 juxto
630 1779 795 1861 opinionem
810 1781 898 1841 etiam
921 1780 1021 1843 mittite
1034 1780 1175 1862 probabi-

168 1858 234 1924 lem.
249 1865 351 1934 Ratio,
366 1863 435 1941 quia
455 1862 547 1939 judex
559 1872 602 1924 est
618 1864 792 1929 constitutus
803 1862 997 1941 erepublica,
1012 1872 1046 1923 ut
1058 1865 1174 1925 unirui-

167 1968 225 2028 que
234 1948 283 2027 jus
293 1966 379 2009 suum
395 1947 497 2008 reddat
508 1945 668 2008 seeundirm
679 1948 782 2007 merita
793 1965 886 2008 causae
896 1968 906 2023 3
917 1947 996 2007 unde
1012 1949 1074 2026 ipse
1085 1948 1173 2009 debet

167 2052 232 2096 rem
247 2032 413 2109 adjudicare
431 2033 458 2092 ei
478 2032 529 2109 qui
548 2050 649 2110 prose
666 2030 716 2108 jus
735 2032 832 2111 potius
847 2030 962 2095 habeat.
977 2031 1050 2094 Vide
1062 2030 1172 2093 Soneio.

167 2120 238 2178 Deo.
252 2115 272 2177 i.
287 2118 317 2176 l.
333 2134 358 2176 e.
368 2119 396 2177 9.
411 2135 443 2177 n.
458 2113 1055 2196 1715906575.11611866616111.
1072 2135 1107 2177 n.
1120 2118 1171 2177 59.

168 2202 300 2277 Dubium
323 2201 373 2273 sit,
399 2201 424 2261 si
442 2218 497 2280 pro
523 2208 620 2260 actore
644 2201 704 2263 sint
723 2198 851 2267 rstiones
869 2199 1100 2279 probabiliores,
1117 2218 1174 2278 pro

168 2306 228 2366 qao
242 2297 312 2348 tune
326 2286 542 2365 judicandum?
560 2284 662 2347 Tomi.
682 2287 752 2347 Dee.
766 2280 790 2344 i.
806 2286 836 2345 l.
855 2302 881 2346 e.
895 2287 923 2345 5.
936 2284 964 2365 §.
983 2288 1014 2347 1.
1030 2305 1064 2347 o.
1082 2288 1113 2346 6.
1126 2305 1176 2345 re-

168 2372 292 2450 spondet
318 2389 354 2432 eo
378 2389 444 2431 casu
461 2369 591 2448 judicem
615 2369 710 2431 teneri
733 2386 799 2430 rem
819 2367 987 2446 adjudicare
1009 2371 1101 2430 aetori
1134 2371 1175 2430 ob

168 2455 302 2515 eamdem
314 2456 459 2516 rationem
473 2473 542 2515 mox
554 2455 687 2526 allatam,
701 2454 768 2533 quia
778 2453 827 2530 jus
838 2453 1024 2531 possessionis
1034 2454 1176 2532 praevalet

169 2538 200 2596 in
218 2539 281 2615 pari
298 2556 401 2608 eausa,
419 2557 480 2599 non
497 2548 594 2599 autem
614 2539 645 2597 in
672 2556 755 2597 eeusa
774 2536 873 2598 mimis
891 2538 1046 2615 probabili.
1077 2539 1176 2599 Cardi-

1272 1980 1273 2071 t

1269 2460 1271 2595 l

112 2696 116 2703 ι
168 2620 362 2679 nalisautem
381 2619 569 2701 deano,ele
575 2621 653 2702 just.
671 2621 700 2683 d.
713 2624 761 2681 16.
774 2641 807 2681 η.
821 2622 870 2681 99.
883 2620 1067 2698 dieit,qubd
1083 2620 1176 2698 jadex
1269 2676 1270 2697 2

168 2722 229 2764 non
247 2712 381 2774 tenetur,
398 2705 446 2763 sed
460 2714 556 2782 potest
572 2724 626 2784 pro
640 2715 736 2766 aetore
749 2707 826 2765 serre
842 2707 1035 2782 sententiam,
1049 2705 1176 2784 eoquod

169 2795 264 2866 potest
288 2786 370 2864 sequi
398 2789 567 2866 opinionem
599 2790 803 2866 probabilem,
829 2808 935 2868 nempe
945 2788 1043 2868 *quiid
1065 2799 1174 2863 actor,

168 2872 295 2934 rationes
312 2890 367 2950 pro
383 2890 413 2931 se
425 2872 635 2950 probabiliores
657 2873 845 2946 adducendo,
868 2876 936 2934 satis
949 2874 1098 2951 jussuum
1112 2893 1176 2954 pro·
1268 2920 1269 2931 ,

168 2957 229 3018 bet.
242 2955 299 3015 Alii
315 2954 385 3016 verb
397 2957 593 3016 communiter
605 3000 614 3029 ,
627 2966 662 3016 ut
678 2957 827 3019 Cardenus
842 2960 871 3018 l.
889 2958 967 3020 Crisi
982 2957 1014 3019 d.
1028 2961 1076 3019 16.
1095 2978 1122 3019 e.
1142 2963 1174 3034 9.

168 3059 201 3102 tt.
215 3040 281 3098 156.
296 3047 324 3099 et
338 3041 404 3099 192.
427 3057 493 3100 cutte
505 3040 624 3115 Diona,
635 3048 688 3101 eto.
703 3049 731 3102 et
743 3041 777 3103 in
799 3040 877 3102 dieto
890 3060 975 3119 prop.
996 3045 1026 3103 2.
1045 3040 1121 3103 diss.
1144 3046 1176 3105 5.

168 3143 193 3185 o.
207 3125 237 3184 1.
250 3141 283 3183 o.
294 3123 342 3184 55.
362 3131 390 3183 et
410 3125 458 3183 69.
478 3123 549 3182 item
568 3125 656 3184 Croix
671 3121 693 3185 i.
716 3128 746 3185 1.
761 3144 794 3185 n.
812 3121 997 3186 lessettet
1011 3133 1032 3185 t.
1047 3127 1075 3185 1.
1101 3145 1174 3206 pop.
1267 3122 1268 3127 ’

168 3209 217 3268 70.
232 3226 264 3267 n.
286 3209 354 3269 198.
367 3204 485 3268 Holzm.
499 3215 520 3267 t.
533 3209 562 3267 1.
574 3220 606 3287 p.
619 3209 667 3268 57.
680 3227 713 3268 n.
727 3211 795 3268 tm.
807 3217 837 3269 et
849 3210 923 3268 alius
933 3207 1036 3267 doetus
1046 3210 1177 3287 scriptor

168 3291 348 3373 neotericus,
363 3292 414 3368 qui
435 3290 513 3370 (eum
525 3286 664 3370 Fiipuero
679 3292 712 3353 in
731 3292 832 3351 eadem
854 3310 940 3369 prop.
954 3290 997 3368 2.)
1010 3290 1086 3353 hane
1108 3311 1178 3352 sen-

168 3376 291 3436 tentiam
305 3385 389 3436 voeat
414 3390 623 3447 communem,
640 3376 710 3435 satis
729 3375 921 3454 probabiliter
945 3384 1069 3450 tenent,
1091 3375 1175 3454 quot

164 3455 257 3531 judex
273 3475 333 3517 non
346 3467 441 3535 potest
463 3475 549 3517 reum
571 3457 700 3536 legitime
723 3459 920 3536 possidentem
935 3476 968 3518 re
988 3459 1173 3535 exspoliare,

166 3537 192 3593 si
204 3554 258 3613 pro
270 3534 333 3615 ipso
342 3548 419 3600 stent
433 3543 560 3601 rationes
573 3541 737 3618 probabiles
750 3585 760 3615 ,
775 3543 888 3602 etiamsi
909 3560 964 3620 pro
982 3549 1080 3602 actore
1095 3548 1176 3605 stent

168 3615 389 3703 probabiliores.
420 3623 524 3699 Ratio,
547 3625 616 3700 quis
643 3626 782 3704 possessio
805 3626 855 3689 dat
872 3625 922 3704 jus
939 3634 1053 3689 eertum
1081 3626 1181 3705 possi*
