<?xml version="1.0" encoding="UTF-8"?>
<!DOCTYPE html PUBLIC "-//W3C//DTD XHTML 1.0 Transitional//EN"
    "http://www.w3.org/TR/xhtml1/DTD/xhtml1-transitional.dtd">
<html xmlns="http://www.w3.org/1999/xhtml" xml:lang="en" lang="en">
 <head>
  <title>
</title>
<meta http-equiv="Content-Type" content="text/html;charset=utf-8" />
  <meta name='ocr-system' content='tesseract 3.04.00' />
  <meta name='ocr-capabilities' content='ocr_page ocr_carea ocr_par ocr_line ocrx_word'/>
</head>
<body>
  <div class='ocr_page' id='page_1' title='image "./theologiamorali02heilgoog_0257.png"; bbox 0 0 2620 4176; ppageno 0'>
   <div class='ocr_carea' id='block_1_1' title="bbox 141 250 986 358">
    <p class='ocr_par' dir='ltr' id='par_1_1' title="bbox 141 250 986 358">
     <span class='ocr_line' id='line_1_1' title="bbox 141 250 986 358; baseline -0.007 -14"><span class='ocrx_word' id='word_1_1' title='bbox 141 284 200 346; x_wconf 78' lang='grc'><strong>778</strong></span> <span class='ocrx_word' id='word_1_2' title='bbox 317 280 381 346; x_wconf 84' lang='grc'><strong>777</strong></span> <span class='ocrx_word' id='word_1_3' title='bbox 393 284 421 344; x_wconf 92' lang='lat' dir='ltr'><strong><em>o</em></strong></span> <span class='ocrx_word' id='word_1_4' title='bbox 429 283 461 343; x_wconf 82' lang='grc'><strong>77</strong></span> <span class='ocrx_word' id='word_1_5' title='bbox 463 288 526 343; x_wconf 89' lang='lat' dir='ltr'><strong><em>oct</em></strong></span> <span class='ocrx_word' id='word_1_6' title='bbox 539 280 616 341; x_wconf 82' lang='grc'><strong>7777</strong></span> <span class='ocrx_word' id='word_1_7' title='bbox 631 250 986 358; x_wconf 76' lang='grc'><strong>77777777777777779777777</strong></span> 
     </span>
    </p>
   </div>
   <div class='ocr_carea' id='block_1_2' title="bbox 138 377 1147 592">
    <p class='ocr_par' dir='ltr' id='par_1_2' title="bbox 138 377 1128 591">
     <span class='ocr_line' id='line_1_2' title="bbox 138 377 915 450; baseline -0.004 -17"><span class='ocrx_word' id='word_1_8' title='bbox 138 384 171 436; x_wconf 75' lang='lat'><strong>62</strong></span> <span class='ocrx_word' id='word_1_9' title='bbox 189 380 295 448; x_wconf 73' lang='lat' dir='ltr'><strong><em>Quod</em></strong></span> <span class='ocrx_word' id='word_1_10' title='bbox 269 397 294 436; x_wconf 84' lang='grc'><strong>77</strong></span> <span class='ocrx_word' id='word_1_11' title='bbox 304 383 367 450; x_wconf 80' lang='lat' dir='ltr'><strong><em>quic</em></strong></span> <span class='ocrx_word' id='word_1_12' title='bbox 384 380 494 435; x_wconf 83' lang='grc'><strong>7777777777</strong></span> <span class='ocrx_word' id='word_1_13' title='bbox 510 379 674 434; x_wconf 71' lang='lat' dir='ltr'><strong><em>contrahere</em></strong></span> <span class='ocrx_word' id='word_1_14' title='bbox 684 377 915 432; x_wconf 69' lang='lat' dir='ltr'><strong>matrimonium?</strong></span> 
     </span>
     <span class='ocr_line' id='line_1_3' title="bbox 138 448 1147 520; baseline -0.002 -15"><span class='ocrx_word' id='word_1_15' title='bbox 138 458 172 508; x_wconf 79' lang='grc'><strong>777</strong></span> <span class='ocrx_word' id='word_1_16' title='bbox 187 455 352 509; x_wconf 76' lang='lat' dir='ltr'><strong><em>Dissertatio</em></strong></span> <span class='ocrx_word' id='word_1_17' title='bbox 367 454 400 508; x_wconf 88' lang='grc'><strong>77</strong></span> <span class='ocrx_word' id='word_1_18' title='bbox 419 453 517 507; x_wconf 82' lang='lat' dir='ltr'><strong><em>clerico</em></strong></span> <span class='ocrx_word' id='word_1_19' title='bbox 539 453 712 507; x_wconf 86' lang='grc'><strong>7777777777</strong></span> <span class='ocrx_word' id='word_1_20' title='bbox 700 466 732 505; x_wconf 82' lang='grc'><strong>777</strong></span> <span class='ocrx_word' id='word_1_21' title='bbox 742 451 809 504; x_wconf 83' lang='lat' dir='ltr'><strong><em>ottio</em></strong></span> <span class='ocrx_word' id='word_1_22' title='bbox 826 448 1071 520; x_wconf 64' lang='lat' dir='ltr'><strong><em>torpidorum</em></strong></span> <span class='ocrx_word' id='word_1_23' title='bbox 1092 448 1147 503; x_wconf 81' lang='lat' dir='ltr'><strong>ai·</strong></span> 
     </span>
     <span class='ocr_line' id='line_1_4' title="bbox 204 524 964 592; baseline -0.009 -11"><span class='ocrx_word' id='word_1_24' title='bbox 204 524 275 582; x_wconf 78' lang='lat' dir='ltr'><strong><em>rotet</em></strong></span> <span class='ocrx_word' id='word_1_25' title='bbox 284 526 378 583; x_wconf 84' lang='lat' dir='ltr'><strong><em>ootcrtc</em></strong></span> <span class='ocrx_word' id='word_1_26' title='bbox 388 526 538 592; x_wconf 76' lang='lat' dir='ltr'><strong><em>ordinari</em></strong></span> <span class='ocrx_word' id='word_1_27' title='bbox 526 540 558 579; x_wconf 87' lang='grc'><strong>777</strong></span> <span class='ocrx_word' id='word_1_28' title='bbox 573 524 683 579; x_wconf 82' lang='lat' dir='ltr'><strong><em>coccio?</em></strong></span> <span class='ocrx_word' id='word_1_29' title='bbox 698 525 827 591; x_wconf 74' lang='lat' dir='ltr'><strong><em>usquead</em></strong></span> <span class='ocrx_word' id='word_1_30' title='bbox 839 539 910 577; x_wconf 86' lang='lat' dir='ltr'><strong><em>num.</em></strong></span> <span class='ocrx_word' id='word_1_31' title='bbox 921 524 964 575; x_wconf 93' lang='grc'><strong>77.</strong></span> 
     </span>
    </p>
   </div>
   <div class='ocr_carea' id='block_1_3' title="bbox 140 699 1147 1263">
    <p class='ocr_par' dir='ltr' id='par_1_3' title="bbox 141 699 1147 1260">
     <span class='ocr_line' id='line_1_5' title="bbox 179 699 1147 858; baseline -0.008 -34"><span class='ocrx_word' id='word_1_32' title='bbox 179 763 228 824; x_wconf 74' lang='lat' dir='ltr'><strong><em>to</em></strong></span> <span class='ocrx_word' id='word_1_33' title='bbox 241 784 311 817; x_wconf 85' lang='grc'><strong>-77</strong></span> <span class='ocrx_word' id='word_1_34' title='bbox 331 699 449 823; x_wconf 72' lang='lat' dir='ltr'><strong><em>Reor.</em></strong></span> <span class='ocrx_word' id='word_1_35' title='bbox 463 761 493 822; x_wconf 94' lang='grc'><strong>7,</strong></span> <span class='ocrx_word' id='word_1_36' title='bbox 514 762 625 822; x_wconf 84' lang='lat' dir='ltr'><strong><em>Praeter</em></strong></span> <span class='ocrx_word' id='word_1_37' title='bbox 638 777 691 832; x_wconf 91' lang='grc'><strong>77,</strong></span> <span class='ocrx_word' id='word_1_38' title='bbox 711 776 777 838; x_wconf 79' lang='lat' dir='ltr'><strong><em>quoe</em></strong></span> <span class='ocrx_word' id='word_1_39' title='bbox 792 757 830 818; x_wconf 88' lang='grc'><strong>77</strong></span> <span class='ocrx_word' id='word_1_40' title='bbox 842 757 972 818; x_wconf 81' lang='lat' dir='ltr'><strong><em>valorem</em></strong></span> <span class='ocrx_word' id='word_1_41' title='bbox 984 758 1147 858; x_wconf 81' lang='lat' dir='ltr'><strong><em>requirun-</em></strong></span> 
     </span>
     <span class='ocr_line' id='line_1_6' title="bbox 140 839 1142 925; baseline -0.008 -17.685"><span class='ocrx_word' id='word_1_42' title='bbox 140 855 246 917; x_wconf 88' lang='grc'><strong>77,777</strong></span> <span class='ocrx_word' id='word_1_43' title='bbox 259 848 422 925; x_wconf 77' lang='lat' dir='ltr'><strong>requiritur</strong></span> <span class='ocrx_word' id='word_1_44' title='bbox 441 845 592 925; x_wconf 80' lang='lat' dir='ltr'><strong><em>probitas,</em></strong></span> <span class='ocrx_word' id='word_1_45' title='bbox 621 845 683 905; x_wconf 87' lang='lat' dir='ltr'><strong><em>sive</em></strong></span> <span class='ocrx_word' id='word_1_46' title='bbox 699 853 734 904; x_wconf 89' lang='lat' dir='ltr'><strong><em>ut</em></strong></span> <span class='ocrx_word' id='word_1_47' title='bbox 753 844 791 901; x_wconf 89' lang='lat' dir='ltr'><strong><em>sit</em></strong></span> <span class='ocrx_word' id='word_1_48' title='bbox 805 843 836 901; x_wconf 94' lang='lat' dir='ltr'><strong>in</strong></span> <span class='ocrx_word' id='word_1_49' title='bbox 857 841 977 919; x_wconf 79' lang='lat' dir='ltr'><strong><em>gentio:</em></strong></span> <span class='ocrx_word' id='word_1_50' title='bbox 994 839 1059 903; x_wconf 86' lang='grc'><strong>77777</strong></span> <span class='ocrx_word' id='word_1_51' title='bbox 1074 842 1142 920; x_wconf 81' lang='lat' dir='ltr'><strong><em>quic</em></strong></span> 
     </span>
     <span class='ocr_line' id='line_1_7' title="bbox 141 923 1143 1006; baseline -0.007 -14.724"><span class='ocrx_word' id='word_1_52' title='bbox 141 929 624 1006; x_wconf 74' lang='grc'><strong>77177777777777777777777777,</strong></span> <span class='ocrx_word' id='word_1_53' title='bbox 638 928 770 988; x_wconf 86' lang='grc'><strong>77777777</strong></span> <span class='ocrx_word' id='word_1_54' title='bbox 784 923 1143 1003; x_wconf 80' lang='lat' dir='ltr'><strong><em>conformore3tumqum</em></strong></span> 
     </span>
     <span class='ocr_line' id='line_1_8' title="bbox 144 1007 1143 1087; baseline -0.007 -13.719"><span class='ocrx_word' id='word_1_55' title='bbox 144 1022 280 1074; x_wconf 85' lang='grc'><strong>7777777</strong></span> <span class='ocrx_word' id='word_1_56' title='bbox 291 1012 389 1075; x_wconf 71' lang='lat' dir='ltr'><strong><em>suncti</em></strong></span> <span class='ocrx_word' id='word_1_57' title='bbox 404 1021 475 1073; x_wconf 90' lang='lat' dir='ltr'><strong><em>sunt</em></strong></span> <span class='ocrx_word' id='word_1_58' title='bbox 484 1012 653 1086; x_wconf 83' lang='grc'><strong>7777777777</strong></span> <span class='ocrx_word' id='word_1_59' title='bbox 663 1009 729 1071; x_wconf 85' lang='grc'><strong>77777</strong></span> <span class='ocrx_word' id='word_1_60' title='bbox 748 1009 817 1087; x_wconf 85' lang='lat' dir='ltr'><strong><em>quia</em></strong></span> <span class='ocrx_word' id='word_1_61' title='bbox 836 1008 874 1069; x_wconf 85' lang='lat' dir='ltr'><strong>ud</strong></span> <span class='ocrx_word' id='word_1_62' title='bbox 886 1007 942 1068; x_wconf 89' lang='lat' dir='ltr'><strong>hoe</strong></span> <span class='ocrx_word' id='word_1_63' title='bbox 952 1007 1106 1086; x_wconf 81' lang='lat' dir='ltr'><strong><em>quidem</em></strong></span> <span class='ocrx_word' id='word_1_64' title='bbox 1083 1026 1143 1066; x_wconf 90' lang='grc'><strong>777</strong></span> 
     </span>
     <span class='ocr_line' id='line_1_9' title="bbox 141 1091 1145 1174; baseline -0.008 -17"><span class='ocrx_word' id='word_1_65' title='bbox 141 1122 155 1151; x_wconf 92' lang='grc'><strong>77</strong></span> <span class='ocrx_word' id='word_1_66' title='bbox 178 1098 321 1173; x_wconf 76' lang='lat' dir='ltr'><strong><em>gulositer</em></strong></span> <span class='ocrx_word' id='word_1_67' title='bbox 330 1096 502 1167; x_wconf 82' lang='lat' dir='ltr'><strong><em>ordinetur</em></strong></span> <span class='ocrx_word' id='word_1_68' title='bbox 512 1103 543 1156; x_wconf 88' lang='grc'><strong>77</strong></span> <span class='ocrx_word' id='word_1_69' title='bbox 552 1096 644 1174; x_wconf 77' lang='lat' dir='ltr'><strong><em>grotta</em></strong></span> <span class='ocrx_word' id='word_1_70' title='bbox 652 1093 793 1173; x_wconf 81' lang='lat' dir='ltr'><strong><em>peculium</em></strong></span> <span class='ocrx_word' id='word_1_71' title='bbox 808 1091 957 1162; x_wconf 82' lang='lat' dir='ltr'><strong><em>donetur,</em></strong></span> <span class='ocrx_word' id='word_1_72' title='bbox 974 1109 1008 1150; x_wconf 88' lang='grc'><strong>77</strong></span> <span class='ocrx_word' id='word_1_73' title='bbox 1020 1091 1145 1168; x_wconf 80' lang='lat' dir='ltr'><strong><em>proinde</em></strong></span> 
     </span>
     <span class='ocr_line' id='line_1_10' title="bbox 141 1173 1142 1263; baseline -0.008 -19.69"><span class='ocrx_word' id='word_1_74' title='bbox 141 1180 351 1244; x_wconf 82' lang='grc'><strong>7777777777</strong></span> <span class='ocrx_word' id='word_1_75' title='bbox 375 1199 437 1260; x_wconf 79' lang='lat' dir='ltr'><strong><em>pre</em></strong></span> <span class='ocrx_word' id='word_1_76' title='bbox 446 1181 562 1242; x_wconf 85' lang='grc'><strong>77777777</strong></span> <span class='ocrx_word' id='word_1_77' title='bbox 570 1180 725 1259; x_wconf 75' lang='lat' dir='ltr'><strong><em>obligatus</em></strong></span> <span class='ocrx_word' id='word_1_78' title='bbox 736 1178 885 1263; x_wconf 66' lang='grc'><strong>77777977.</strong></span> <span class='ocrx_word' id='word_1_79' title='bbox 894 1173 916 1238; x_wconf 91' lang='grc'><strong>7.</strong></span> <span class='ocrx_word' id='word_1_80' title='bbox 926 1194 952 1238; x_wconf 84' lang='grc'><strong>7.</strong></span> <span class='ocrx_word' id='word_1_81' title='bbox 959 1183 1142 1238; x_wconf 84' lang='grc'><strong>7777777777.</strong></span> 
     </span>
    </p>
   </div>
   <div class='ocr_carea' id='block_1_4' title="bbox 530 1352 768 1420">
    <p class='ocr_par' dir='ltr' id='par_1_4' title="bbox 530 1352 768 1420">
     <span class='ocr_line' id='line_1_11' title="bbox 530 1352 768 1420; baseline -0.03 -1"><span class='ocrx_word' id='word_1_82' title='bbox 530 1355 611 1420; x_wconf 80' lang='lat' dir='ltr'><strong><em>Unde</em></strong></span> <span class='ocrx_word' id='word_1_83' title='bbox 623 1352 768 1419; x_wconf 80' lang='lat' dir='ltr'><strong><em>resolues·</em></strong></span> <span class='ocrx_word' id='word_1_84' title='bbox 757 1395 765 1410; x_wconf 93' lang='lat'><strong>.</strong></span> 
     </span>
    </p>
   </div>
   <div class='ocr_carea' id='block_1_5' title="bbox 95 1537 1215 3728">
    <p class='ocr_par' dir='ltr' id='par_1_5' title="bbox 141 1537 1146 1791">
     <span class='ocr_line' id='line_1_12' title="bbox 184 1537 1146 1623; baseline -0.004 -20"><span class='ocrx_word' id='word_1_85' title='bbox 184 1567 197 1597; x_wconf 83' lang='grc' dir='ltr'>ι</span> <span class='ocrx_word' id='word_1_86' title='bbox 218 1544 248 1603; x_wconf 93' lang='grc'><strong>7.</strong></span> <span class='ocrx_word' id='word_1_87' title='bbox 269 1542 371 1606; x_wconf 77' lang='grc'><strong>777777</strong></span> <span class='ocrx_word' id='word_1_88' title='bbox 389 1544 539 1623; x_wconf 74' lang='lat' dir='ltr'><strong><em>graviter,</em></strong></span> <span class='ocrx_word' id='word_1_89' title='bbox 558 1543 610 1622; x_wconf 89' lang='lat' dir='ltr'><strong>qui</strong></span> <span class='ocrx_word' id='word_1_90' title='bbox 627 1538 747 1604; x_wconf 85' lang='grc'><strong>77777777</strong></span> <span class='ocrx_word' id='word_1_91' title='bbox 763 1546 943 1602; x_wconf 78' lang='lat' dir='ltr'><strong><em>estromenta</em></strong></span> <span class='ocrx_word' id='word_1_92' title='bbox 960 1555 1021 1600; x_wconf 89' lang='lat' dir='ltr'><strong>non</strong></span> <span class='ocrx_word' id='word_1_93' title='bbox 1035 1537 1146 1600; x_wconf 88' lang='grc'><strong>77777777</strong></span> 
     </span>
     <span class='ocr_line' id='line_1_13' title="bbox 141 1623 1146 1704; baseline -0.001 -20"><span class='ocrx_word' id='word_1_94' title='bbox 141 1653 155 1683; x_wconf 83' lang='grc'><strong>7</strong></span> <span class='ocrx_word' id='word_1_95' title='bbox 178 1627 371 1689; x_wconf 83' lang='lat' dir='ltr'><strong><em>sufficientem</em></strong></span> <span class='ocrx_word' id='word_1_96' title='bbox 381 1626 638 1704; x_wconf 83' lang='lat' dir='ltr'><strong><em>jurisdictionem,</em></strong></span> <span class='ocrx_word' id='word_1_97' title='bbox 654 1625 702 1685; x_wconf 88' lang='grc'><strong>777</strong></span> <span class='ocrx_word' id='word_1_98' title='bbox 721 1625 759 1687; x_wconf 87' lang='grc'><strong>77</strong></span> <span class='ocrx_word' id='word_1_99' title='bbox 777 1644 812 1686; x_wconf 82' lang='lat' dir='ltr'><strong>eo</strong></span> <span class='ocrx_word' id='word_1_100' title='bbox 834 1623 1146 1689; x_wconf 80' lang='lat' dir='ltr'><strong><em>nuonobiltteroubi-</em></strong></span> 
     </span>
     <span class='ocr_line' id='line_1_14' title="bbox 142 1708 793 1791; baseline -0.005 -18"><span class='ocrx_word' id='word_1_101' title='bbox 142 1738 156 1767; x_wconf 90' lang='grc'><strong>77</strong></span> <span class='ocrx_word' id='word_1_102' title='bbox 180 1720 262 1788; x_wconf 87' lang='lat' dir='ltr'><strong><em>tons,</em></strong></span> <span class='ocrx_word' id='word_1_103' title='bbox 282 1714 329 1773; x_wconf 86' lang='lat' dir='ltr'><strong>vei</strong></span> <span class='ocrx_word' id='word_1_104' title='bbox 349 1714 401 1791; x_wconf 92' lang='lat' dir='ltr'><strong>qui</strong></span> <span class='ocrx_word' id='word_1_105' title='bbox 423 1712 546 1772; x_wconf 76' lang='lat' dir='ltr'><strong><em>censuri</em></strong></span> <span class='ocrx_word' id='word_1_106' title='bbox 561 1717 606 1771; x_wconf 86' lang='lat' dir='ltr'><strong><em>est</em></strong></span> <span class='ocrx_word' id='word_1_107' title='bbox 614 1708 793 1788; x_wconf 85' lang='lat' dir='ltr'><strong><em>prohibitus.</em></strong></span> 
     </span>
    </p>

    <p class='ocr_par' dir='ltr' id='par_1_6' title="bbox 95 1794 1148 2049">
     <span class='ocr_line' id='line_1_15' title="bbox 183 1794 1148 1857; baseline -0.006 0"><span class='ocrx_word' id='word_1_108' title='bbox 183 1798 248 1857; x_wconf 73' lang='grc'><strong>777.</strong></span> <span class='ocrx_word' id='word_1_109' title='bbox 262 1797 329 1857; x_wconf 87' lang='lat' dir='ltr'><strong>Non</strong></span> <span class='ocrx_word' id='word_1_110' title='bbox 342 1798 409 1857; x_wconf 88' lang='lat' dir='ltr'><strong><em>lieet</em></strong></span> <span class='ocrx_word' id='word_1_111' title='bbox 430 1794 573 1856; x_wconf 82' lang='grc'><strong>7777777777</strong></span> <span class='ocrx_word' id='word_1_112' title='bbox 596 1794 803 1854; x_wconf 78' lang='lat' dir='ltr'><strong><em>administrare</em></strong></span> <span class='ocrx_word' id='word_1_113' title='bbox 820 1799 998 1854; x_wconf 77' lang='lat' dir='ltr'><strong><em>sacramento</em></strong></span> <span class='ocrx_word' id='word_1_114' title='bbox 1018 1811 1086 1853; x_wconf 91' lang='lat' dir='ltr'><strong>eum</strong></span> <span class='ocrx_word' id='word_1_115' title='bbox 1102 1800 1148 1852; x_wconf 87' lang='grc'><strong>77-</strong></span> 
     </span>
     <span class='ocr_line' id='line_1_16' title="bbox 142 1879 1146 1959; baseline 0.002 -23"><span class='ocrx_word' id='word_1_116' title='bbox 142 1906 156 1936; x_wconf 83' lang='grc'><strong>7</strong></span> <span class='ocrx_word' id='word_1_117' title='bbox 149 1882 300 1942; x_wconf 86' lang='grc'><strong>77777777</strong></span> <span class='ocrx_word' id='word_1_118' title='bbox 319 1883 457 1959; x_wconf 76' lang='lat' dir='ltr'><strong><em>cognite:</em></strong></span> <span class='ocrx_word' id='word_1_119' title='bbox 471 1899 541 1959; x_wconf 86' lang='lat' dir='ltr'><strong>qum</strong></span> <span class='ocrx_word' id='word_1_120' title='bbox 549 1879 644 1940; x_wconf 86' lang='grc'><strong>777777</strong></span> <span class='ocrx_word' id='word_1_121' title='bbox 659 1889 704 1940; x_wconf 88' lang='lat' dir='ltr'><strong><em>est</em></strong></span> <span class='ocrx_word' id='word_1_122' title='bbox 722 1887 805 1941; x_wconf 88' lang='grc'><strong>77777</strong></span> <span class='ocrx_word' id='word_1_123' title='bbox 816 1887 925 1940; x_wconf 84' lang='lat' dir='ltr'><strong><em>statum</em></strong></span> <span class='ocrx_word' id='word_1_124' title='bbox 941 1880 1052 1959; x_wconf 76' lang='lat' dir='ltr'><strong><em>gratio.</em></strong></span> <span class='ocrx_word' id='word_1_125' title='bbox 1066 1880 1146 1939; x_wconf 83' lang='lat' dir='ltr'><strong><em>Bou.</em></strong></span> 
     </span>
     <span class='ocr_line' id='line_1_17' title="bbox 95 1965 509 2049; baseline 0 -23"><span class='ocrx_word' id='word_1_126' title='bbox 95 2019 98 2026; x_wconf 91' lang='lat'><strong>.</strong></span> <span class='ocrx_word' id='word_1_127' title='bbox 141 1985 230 2049; x_wconf 39' lang='lat' dir='ltr'><strong>hqu</strong></span> <span class='ocrx_word' id='word_1_128' title='bbox 223 1968 271 2026; x_wconf 77' lang='grc'><strong>..7</strong></span> <span class='ocrx_word' id='word_1_129' title='bbox 272 1973 382 2047; x_wconf 76' lang='lat' dir='ltr'><strong><em>ponet.</em></strong></span> <span class='ocrx_word' id='word_1_130' title='bbox 396 1965 509 2048; x_wconf 56' lang='grc'><strong>777.</strong></span> 
     </span>
    </p>

    <p class='ocr_par' dir='ltr' id='par_1_7' title="bbox 141 2046 1149 2385">
     <span class='ocr_line' id='line_1_18' title="bbox 185 2046 1149 2128; baseline 0.001 -22"><span class='ocrx_word' id='word_1_131' title='bbox 185 2076 199 2106; x_wconf 75' lang='grc' dir='ltr'>ι</span> <span class='ocrx_word' id='word_1_132' title='bbox 219 2051 249 2111; x_wconf 76' lang='grc'><strong>5.</strong></span> <span class='ocrx_word' id='word_1_133' title='bbox 261 2053 327 2112; x_wconf 86' lang='lat' dir='ltr'><strong>Nou</strong></span> <span class='ocrx_word' id='word_1_134' title='bbox 342 2059 440 2112; x_wconf 81' lang='lat' dir='ltr'><strong><em>temen</em></strong></span> <span class='ocrx_word' id='word_1_135' title='bbox 461 2048 623 2111; x_wconf 84' lang='grc'><strong>7777777777</strong></span> <span class='ocrx_word' id='word_1_136' title='bbox 642 2048 795 2128; x_wconf 74' lang='lat' dir='ltr'><strong><em>premittit</em></strong></span> <span class='ocrx_word' id='word_1_137' title='bbox 804 2068 859 2110; x_wconf 89' lang='lat' dir='ltr'><strong>eon</strong></span> <span class='ocrx_word' id='word_1_138' title='bbox 862 2049 1013 2110; x_wconf 79' lang='lat' dir='ltr'><strong><em>essionem</em></strong></span> <span class='ocrx_word' id='word_1_139' title='bbox 1022 2046 1089 2125; x_wconf 90' lang='grc'><strong>(7777</strong></span> <span class='ocrx_word' id='word_1_140' title='bbox 1102 2064 1149 2107; x_wconf 82' lang='grc'><strong>77</strong></span> 
     </span>
     <span class='ocr_line' id='line_1_19' title="bbox 141 2131 1149 2216; baseline -0.002 -23"><span class='ocrx_word' id='word_1_141' title='bbox 141 2162 156 2193; x_wconf 82' lang='grc'><strong>7</strong></span> <span class='ocrx_word' id='word_1_142' title='bbox 180 2137 216 2199; x_wconf 91' lang='grc'><strong>777</strong></span> <span class='ocrx_word' id='word_1_143' title='bbox 235 2136 410 2216; x_wconf 80' lang='lat' dir='ltr'><strong><em>celebrare),</em></strong></span> <span class='ocrx_word' id='word_1_144' title='bbox 423 2138 477 2198; x_wconf 89' lang='lat' dir='ltr'><strong><em>etsi</em></strong></span> <span class='ocrx_word' id='word_1_145' title='bbox 495 2135 534 2196; x_wconf 89' lang='lat' dir='ltr'><strong><em>sit</em></strong></span> <span class='ocrx_word' id='word_1_146' title='bbox 554 2136 737 2195; x_wconf 88' lang='grc'><strong>7777777777·</strong></span> <span class='ocrx_word' id='word_1_147' title='bbox 762 2136 829 2213; x_wconf 86' lang='lat' dir='ltr'><strong><em>quin</em></strong></span> <span class='ocrx_word' id='word_1_148' title='bbox 846 2134 884 2194; x_wconf 90' lang='lat' dir='ltr'><strong>de</strong></span> <span class='ocrx_word' id='word_1_149' title='bbox 905 2131 962 2194; x_wconf 90' lang='lat' dir='ltr'><strong>hoo</strong></span> <span class='ocrx_word' id='word_1_150' title='bbox 976 2133 1092 2195; x_wconf 87' lang='lat' dir='ltr'><strong><em>nullum</em></strong></span> <span class='ocrx_word' id='word_1_151' title='bbox 1101 2138 1149 2192; x_wconf 83' lang='lat' dir='ltr'><strong><em>est</em></strong></span> 
     </span>
     <span class='ocr_line' id='line_1_20' title="bbox 144 2218 1146 2300; baseline -0.001 -23"><span class='ocrx_word' id='word_1_152' title='bbox 144 2247 157 2277; x_wconf 75' lang='grc' dir='ltr'>ι</span> <span class='ocrx_word' id='word_1_153' title='bbox 181 2229 414 2300; x_wconf 79' lang='lat' dir='ltr'><strong><em>praeeeptum‚et</em></strong></span> <span class='ocrx_word' id='word_1_154' title='bbox 426 2222 463 2281; x_wconf 90' lang='grc'><strong>77</strong></span> <span class='ocrx_word' id='word_1_155' title='bbox 474 2220 632 2281; x_wconf 88' lang='lat' dir='ltr'><strong><em>delendum</em></strong></span> <span class='ocrx_word' id='word_1_156' title='bbox 645 2220 768 2281; x_wconf 76' lang='lat' dir='ltr'><strong><em>mortale</em></strong></span> <span class='ocrx_word' id='word_1_157' title='bbox 776 2219 882 2280; x_wconf 83' lang='lat' dir='ltr'><strong><em>suffiort</em></strong></span> <span class='ocrx_word' id='word_1_158' title='bbox 888 2218 1039 2283; x_wconf 86' lang='grc'><strong>7777777777.</strong></span> <span class='ocrx_word' id='word_1_159' title='bbox 1055 2218 1146 2296; x_wconf 81' lang='lat' dir='ltr'><strong><em>Vosq.</em></strong></span> 
     </span>
     <span class='ocr_line' id='line_1_21' title="bbox 143 2301 1004 2385; baseline -0.008 -17"><span class='ocrx_word' id='word_1_160' title='bbox 143 2330 158 2359; x_wconf 84' lang='grc'><strong>7</strong></span> <span class='ocrx_word' id='word_1_161' title='bbox 181 2304 211 2368; x_wconf 81' lang='grc'><strong>77.</strong></span> <span class='ocrx_word' id='word_1_162' title='bbox 230 2301 665 2385; x_wconf 75' lang='lat' dir='ltr'><strong><em>i56.c.1.Cnrd.doLu90d.</em></strong></span> <span class='ocrx_word' id='word_1_163' title='bbox 680 2304 714 2364; x_wconf 60' lang='lat'><strong>8.&gt;</strong></span> <span class='ocrx_word' id='word_1_164' title='bbox 726 2311 793 2364; x_wconf 76' lang='lat' dir='ltr'><strong><em>scot.</em></strong></span> <span class='ocrx_word' id='word_1_165' title='bbox 805 2305 835 2363; x_wconf 81' lang='lat'><strong>9.</strong></span> <span class='ocrx_word' id='word_1_166' title='bbox 1000 2348 1004 2353; x_wconf 77' lang='grc'><strong>.</strong></span> 
     </span>
    </p>

    <p class='ocr_par' dir='ltr' id='par_1_8' title="bbox 142 2386 1150 2551">
     <span class='ocr_line' id='line_1_22' title="bbox 185 2386 1148 2460; baseline 0.002 -15"><span class='ocrx_word' id='word_1_167' title='bbox 185 2416 199 2445; x_wconf 70' lang='lat' dir='ltr'><strong><em>o</em></strong></span> <span class='ocrx_word' id='word_1_168' title='bbox 218 2391 249 2450; x_wconf 83' lang='grc'><strong>7.</strong></span> <span class='ocrx_word' id='word_1_169' title='bbox 263 2389 580 2451; x_wconf 85' lang='grc'><strong>77777777777777777777</strong></span> <span class='ocrx_word' id='word_1_170' title='bbox 592 2386 630 2448; x_wconf 91' lang='grc'><strong>77</strong></span> <span class='ocrx_word' id='word_1_171' title='bbox 645 2388 677 2448; x_wconf 85' lang='lat' dir='ltr'><strong>id</strong></span> <span class='ocrx_word' id='word_1_172' title='bbox 697 2389 869 2460; x_wconf 80' lang='lat' dir='ltr'><strong><em>ordinatus,</em></strong></span> <span class='ocrx_word' id='word_1_173' title='bbox 892 2389 918 2448; x_wconf 83' lang='lat' dir='ltr'><strong>si</strong></span> <span class='ocrx_word' id='word_1_174' title='bbox 939 2387 1092 2458; x_wconf 82' lang='lat' dir='ltr'><strong><em>conficiet,</em></strong></span> <span class='ocrx_word' id='word_1_175' title='bbox 1116 2395 1148 2448; x_wconf 89' lang='lat' dir='ltr'><strong><em>et</em></strong></span> 
     </span>
     <span class='ocr_line' id='line_1_23' title="bbox 142 2473 1150 2551; baseline -0.003 -15"><span class='ocrx_word' id='word_1_176' title='bbox 142 2502 156 2531; x_wconf 92' lang='grc'><strong>77</strong></span> <span class='ocrx_word' id='word_1_177' title='bbox 181 2476 331 2536; x_wconf 84' lang='lat' dir='ltr'><strong><em>ministret</em></strong></span> <span class='ocrx_word' id='word_1_178' title='bbox 341 2476 513 2535; x_wconf 83' lang='lat' dir='ltr'><strong><em>solemniter</em></strong></span> <span class='ocrx_word' id='word_1_179' title='bbox 531 2474 564 2532; x_wconf 88' lang='grc'><strong>77</strong></span> <span class='ocrx_word' id='word_1_180' title='bbox 581 2473 721 2548; x_wconf 76' lang='lat' dir='ltr'><strong><em>mortali,</em></strong></span> <span class='ocrx_word' id='word_1_181' title='bbox 737 2491 767 2532; x_wconf 89' lang='lat' dir='ltr'><strong>v.</strong></span> <span class='ocrx_word' id='word_1_182' title='bbox 780 2492 826 2551; x_wconf 81' lang='lat' dir='ltr'><strong><em>gr.</em></strong></span> <span class='ocrx_word' id='word_1_183' title='bbox 837 2474 861 2533; x_wconf 90' lang='lat' dir='ltr'><strong>si</strong></span> <span class='ocrx_word' id='word_1_184' title='bbox 871 2473 1017 2550; x_wconf 81' lang='lat' dir='ltr'><strong><em>baptizet,</em></strong></span> <span class='ocrx_word' id='word_1_185' title='bbox 1036 2473 1085 2533; x_wconf 85' lang='lat' dir='ltr'><strong>vel</strong></span> <span class='ocrx_word' id='word_1_186' title='bbox 1104 2490 1150 2533; x_wconf 85' lang='lat' dir='ltr'><strong>oe·</strong></span> 
     </span>
    </p>

    <p class='ocr_par' dir='ltr' id='par_1_9' title="bbox 143 2556 1148 2636">
     <span class='ocr_line' id='line_1_24' title="bbox 143 2556 1148 2636; baseline 0 -18"><span class='ocrx_word' id='word_1_187' title='bbox 143 2559 291 2627; x_wconf 61' lang='lat' dir='ltr'><strong><em>ulceret,</em></strong></span> <span class='ocrx_word' id='word_1_188' title='bbox 315 2568 414 2636; x_wconf 78' lang='lat' dir='ltr'><strong><em>peccet</em></strong></span> <span class='ocrx_word' id='word_1_189' title='bbox 431 2558 595 2619; x_wconf 85' lang='lat' dir='ltr'><strong><em>mortaliter</em></strong></span> <span class='ocrx_word' id='word_1_190' title='bbox 606 2558 692 2617; x_wconf 90' lang='lat' dir='ltr'><strong><em>toties</em></strong></span> <span class='ocrx_word' id='word_1_191' title='bbox 703 2558 818 2635; x_wconf 85' lang='lat' dir='ltr'><strong><em>quoties</em></strong></span> <span class='ocrx_word' id='word_1_192' title='bbox 830 2556 920 2635; x_wconf 77' lang='lat' dir='ltr'><strong><em>(quod</em></strong></span> <span class='ocrx_word' id='word_1_193' title='bbox 940 2557 1029 2618; x_wconf 82' lang='lat' dir='ltr'><strong><em>ctiam</em></strong></span> <span class='ocrx_word' id='word_1_194' title='bbox 1042 2574 1148 2618; x_wconf 84' lang='lat' dir='ltr'><strong><em>verum</em></strong></span> 
     </span>
    </p>

    <p class='ocr_par' dir='ltr' id='par_1_10' title="bbox 145 2639 1148 2721">
     <span class='ocr_line' id='line_1_25' title="bbox 145 2639 1148 2721; baseline -0.002 -19.928"><span class='ocrx_word' id='word_1_195' title='bbox 145 2658 242 2701; x_wconf 85' lang='grc'><strong>77777</strong></span> <span class='ocrx_word' id='word_1_196' title='bbox 260 2641 364 2701; x_wconf 88' lang='lat' dir='ltr'><strong><em>volunt</em></strong></span> <span class='ocrx_word' id='word_1_197' title='bbox 374 2642 461 2721; x_wconf 81' lang='lat' dir='ltr'><strong><em>Soyr</em></strong></span> <span class='ocrx_word' id='word_1_198' title='bbox 476 2640 605 2701; x_wconf 81' lang='lat' dir='ltr'><strong><em>Ledeom.</em></strong></span> <span class='ocrx_word' id='word_1_199' title='bbox 614 2649 643 2700; x_wconf 89' lang='lat' dir='ltr'><strong><em>ct</em></strong></span> <span class='ocrx_word' id='word_1_200' title='bbox 659 2643 738 2701; x_wconf 82' lang='lat' dir='ltr'><strong><em>Boo.</em></strong></span> <span class='ocrx_word' id='word_1_201' title='bbox 759 2642 853 2702; x_wconf 82' lang='lat' dir='ltr'><strong><em>Gran.</em></strong></span> <span class='ocrx_word' id='word_1_202' title='bbox 876 2648 952 2703; x_wconf 84' lang='lat' dir='ltr'><strong><em>cont.</em></strong></span> <span class='ocrx_word' id='word_1_203' title='bbox 966 2643 996 2702; x_wconf 79' lang='lat'><strong>5.</strong></span> <span class='ocrx_word' id='word_1_204' title='bbox 1009 2642 1089 2701; x_wconf 64' lang='grc'><strong>7777,</strong></span> <span class='ocrx_word' id='word_1_205' title='bbox 1110 2639 1148 2700; x_wconf 87' lang='grc'><strong>77</strong></span> 
     </span>
    </p>

    <p class='ocr_par' dir='ltr' id='par_1_11' title="bbox 144 2723 1197 2809">
     <span class='ocr_line' id='line_1_26' title="bbox 144 2723 1197 2809; baseline 0 -25"><span class='ocrx_word' id='word_1_206' title='bbox 144 2724 472 2802; x_wconf 79' lang='lat' dir='ltr'><strong><em>·dtaoonoexspeeta1i</em></strong></span> <span class='ocrx_word' id='word_1_207' title='bbox 486 2725 691 2809; x_wconf 80' lang='lat' dir='ltr'><strong><em>commissione</em></strong></span> <span class='ocrx_word' id='word_1_208' title='bbox 712 2724 914 2802; x_wconf 77' lang='lat' dir='ltr'><strong><em>baptizante),</em></strong></span> <span class='ocrx_word' id='word_1_209' title='bbox 928 2726 985 2786; x_wconf 90' lang='grc'><strong>7777</strong></span> <span class='ocrx_word' id='word_1_210' title='bbox 977 2723 1076 2787; x_wconf 70' lang='lat' dir='ltr'><strong><em>forte</em></strong></span> <span class='ocrx_word' id='word_1_211' title='bbox 1094 2742 1150 2802; x_wconf 87' lang='lat' dir='ltr'><strong>pe-</strong></span> <span class='ocrx_word' id='word_1_212' title='bbox 1195 2750 1197 2757; x_wconf 70' lang='lat'><em>,</em></span> 
     </span>
    </p>

    <p class='ocr_par' dir='ltr' id='par_1_12' title="bbox 143 2806 1145 2884">
     <span class='ocr_line' id='line_1_27' title="bbox 143 2806 1145 2884; baseline 0 -16"><span class='ocrx_word' id='word_1_213' title='bbox 143 2806 308 2868; x_wconf 72' lang='lat' dir='ltr'><strong><em>orientum</em></strong></span> <span class='ocrx_word' id='word_1_214' title='bbox 327 2807 366 2865; x_wconf 85' lang='lat' dir='ltr'><strong><em>sit</em></strong></span> <span class='ocrx_word' id='word_1_215' title='bbox 389 2809 420 2866; x_wconf 92' lang='lat' dir='ltr'><strong>in</strong></span> <span class='ocrx_word' id='word_1_216' title='bbox 442 2827 541 2883; x_wconf 88' lang='grc'><strong>77777,</strong></span> <span class='ocrx_word' id='word_1_217' title='bbox 560 2825 614 2866; x_wconf 86' lang='lat' dir='ltr'><strong>neo</strong></span> <span class='ocrx_word' id='word_1_218' title='bbox 636 2807 726 2884; x_wconf 90' lang='lat' dir='ltr'><strong><em>possit</em></strong></span> <span class='ocrx_word' id='word_1_219' title='bbox 748 2807 808 2866; x_wconf 78' lang='lat' dir='ltr'><strong><em>tim</em></strong></span> <span class='ocrx_word' id='word_1_220' title='bbox 829 2807 888 2871; x_wconf 82' lang='grc'><strong>7777)</strong></span> <span class='ocrx_word' id='word_1_221' title='bbox 909 2809 1065 2881; x_wconf 82' lang='lat' dir='ltr'><strong><em>confiteri,</em></strong></span> <span class='ocrx_word' id='word_1_222' title='bbox 1091 2817 1145 2869; x_wconf 88' lang='grc'><strong>777</strong></span> 
     </span>
    </p>

    <p class='ocr_par' dir='ltr' id='par_1_13' title="bbox 143 2890 1148 3138">
     <span class='ocr_line' id='line_1_28' title="bbox 144 2890 1148 2968; baseline 0 -16"><span class='ocrx_word' id='word_1_223' title='bbox 144 2891 314 2952; x_wconf 87' lang='grc'><strong>77777777·</strong></span> <span class='ocrx_word' id='word_1_224' title='bbox 330 2908 365 2955; x_wconf 86' lang='grc'><strong>777</strong></span> <span class='ocrx_word' id='word_1_225' title='bbox 380 2891 461 2950; x_wconf 89' lang='lat' dir='ltr'><strong><em>enim</em></strong></span> <span class='ocrx_word' id='word_1_226' title='bbox 483 2909 551 2950; x_wconf 87' lang='grc'><strong>7777</strong></span> <span class='ocrx_word' id='word_1_227' title='bbox 574 2890 739 2968; x_wconf 49' lang='lat' dir='ltr'><strong><em>baptizame</em></strong></span> <span class='ocrx_word' id='word_1_228' title='bbox 757 2892 906 2952; x_wconf 69' lang='lat' dir='ltr'><strong><em>ueletiam</em></strong></span> <span class='ocrx_word' id='word_1_229' title='bbox 925 2893 1148 2952; x_wconf 79' lang='lat' dir='ltr'><strong><em>absolveremo-</em></strong></span> 
     </span>
     <span class='ocr_line' id='line_1_29' title="bbox 143 2973 1148 3052; baseline 0.006 -20"><span class='ocrx_word' id='word_1_230' title='bbox 143 3003 156 3032; x_wconf 77' lang='grc'><strong>7.</strong></span> <span class='ocrx_word' id='word_1_231' title='bbox 179 2973 387 3051; x_wconf 87' lang='lat' dir='ltr'><strong><em>ribundum,</em></strong></span> <span class='ocrx_word' id='word_1_232' title='bbox 378 2993 409 3034; x_wconf 93' lang='grc'><strong>777</strong></span> <span class='ocrx_word' id='word_1_233' title='bbox 422 2983 498 3034; x_wconf 86' lang='grc'><strong>777777</strong></span> <span class='ocrx_word' id='word_1_234' title='bbox 513 2975 625 3052; x_wconf 81' lang='lat' dir='ltr'><strong><em>peceati</em></strong></span> <span class='ocrx_word' id='word_1_235' title='bbox 639 3019 648 3047; x_wconf 89' lang='lat'>‚</span> <span class='ocrx_word' id='word_1_236' title='bbox 663 2994 724 3037; x_wconf 91' lang='grc'><strong>777</strong></span> <span class='ocrx_word' id='word_1_237' title='bbox 737 2992 801 3036; x_wconf 73' lang='lat' dir='ltr'><strong><em>osse</em></strong></span> <span class='ocrx_word' id='word_1_238' title='bbox 821 2977 1045 3038; x_wconf 81' lang='lat' dir='ltr'><strong><em>irreverentium</em></strong></span> <span class='ocrx_word' id='word_1_239' title='bbox 1047 2975 1148 3038; x_wconf 83' lang='lat' dir='ltr'><strong><em>docet</em></strong></span> 
     </span>
     <span class='ocr_line' id='line_1_30' title="bbox 144 3055 706 3138; baseline -0.004 -18"><span class='ocrx_word' id='word_1_240' title='bbox 144 3086 157 3115; x_wconf 89' lang='grc'><strong>77</strong></span> <span class='ocrx_word' id='word_1_241' title='bbox 184 3055 496 3138; x_wconf 67' lang='lat' dir='ltr'><strong><em>carentomus.</em></strong></span> <span class='ocrx_word' id='word_1_242' title='bbox 511 3076 537 3118; x_wconf 84' lang='lat' dir='ltr'><strong>s.</strong></span> <span class='ocrx_word' id='word_1_243' title='bbox 552 3059 706 3121; x_wconf 77' lang='grc'><strong>7777757.</strong></span> 
     </span>
    </p>

    <p class='ocr_par' dir='ltr' id='par_1_14' title="bbox 144 3140 1215 3458">
     <span class='ocr_line' id='line_1_31' title="bbox 185 3140 1148 3219; baseline 0.007 -22"><span class='ocrx_word' id='word_1_244' title='bbox 185 3167 200 3197; x_wconf 76' lang='lat' dir='ltr'><strong><em>o</em></strong></span> <span class='ocrx_word' id='word_1_245' title='bbox 219 3143 331 3202; x_wconf 82' lang='lat' dir='ltr'><strong><em>Dixit.</em></strong></span> <span class='ocrx_word' id='word_1_246' title='bbox 348 3140 389 3201; x_wconf 86' lang='grc'><strong>777</strong></span> <span class='ocrx_word' id='word_1_247' title='bbox 403 3140 435 3202; x_wconf 82' lang='lat' dir='ltr'><strong><em>to</em></strong></span> <span class='ocrx_word' id='word_1_248' title='bbox 453 3141 609 3204; x_wconf 82' lang='grc'><strong>7777777777</strong></span> <span class='ocrx_word' id='word_1_249' title='bbox 617 3165 629 3219; x_wconf 90' lang='grc'><strong>,·</strong></span> <span class='ocrx_word' id='word_1_250' title='bbox 645 3146 699 3204; x_wconf 89' lang='lat' dir='ltr'><strong><em>etsi</em></strong></span> <span class='ocrx_word' id='word_1_251' title='bbox 719 3145 800 3205; x_wconf 89' lang='lat' dir='ltr'><strong><em>enim</em></strong></span> <span class='ocrx_word' id='word_1_252' title='bbox 815 3144 907 3206; x_wconf 80' lang='lat' dir='ltr'><strong><em>laicus</em></strong></span> <span class='ocrx_word' id='word_1_253' title='bbox 921 3145 953 3205; x_wconf 92' lang='grc'><strong>77</strong></span> <span class='ocrx_word' id='word_1_254' title='bbox 978 3144 1148 3204; x_wconf 79' lang='lat' dir='ltr'><strong><em>necessitate</em></strong></span> 
     </span>
     <span class='ocr_line' id='line_1_32' title="bbox 144 3227 1150 3308; baseline 0.006 -27"><span class='ocrx_word' id='word_1_255' title='bbox 144 3253 157 3281; x_wconf 78' lang='grc'><strong>7</strong></span> <span class='ocrx_word' id='word_1_256' title='bbox 184 3227 312 3306; x_wconf 76' lang='lat' dir='ltr'><strong><em>baptizet</em></strong></span> <span class='ocrx_word' id='word_1_257' title='bbox 334 3244 402 3287; x_wconf 89' lang='lat' dir='ltr'><strong>eum</strong></span> <span class='ocrx_word' id='word_1_258' title='bbox 433 3227 610 3287; x_wconf 84' lang='lat' dir='ltr'><strong><em>conscientie</em></strong></span> <span class='ocrx_word' id='word_1_259' title='bbox 633 3229 741 3305; x_wconf 79' lang='lat' dir='ltr'><strong><em>peceati</em></strong></span> <span class='ocrx_word' id='word_1_260' title='bbox 766 3228 916 3300; x_wconf 88' lang='lat' dir='ltr'><strong><em>mortuiis,</em></strong></span> <span class='ocrx_word' id='word_1_261' title='bbox 940 3246 1001 3289; x_wconf 87' lang='lat' dir='ltr'><strong>non</strong></span> <span class='ocrx_word' id='word_1_262' title='bbox 1029 3244 1150 3308; x_wconf 82' lang='lat' dir='ltr'><strong><em>peecare</em></strong></span> 
     </span>
     <span class='ocr_line' id='line_1_33' title="bbox 144 3308 1215 3457; baseline 0.006 -87"><span class='ocrx_word' id='word_1_263' title='bbox 144 3337 157 3366; x_wconf 83' lang='grc'><strong>7</strong></span> <span class='ocrx_word' id='word_1_264' title='bbox 182 3312 347 3457; x_wconf 47' lang='lat' dir='ltr'><strong><em>mortaliter</em></strong></span> <span class='ocrx_word' id='word_1_265' title='bbox 366 3311 480 3376; x_wconf 85' lang='lat' dir='ltr'><strong><em>docent·</em></strong></span> <span class='ocrx_word' id='word_1_266' title='bbox 496 3313 567 3373; x_wconf 85' lang='lat' dir='ltr'><strong><em>Coo.</em></strong></span> <span class='ocrx_word' id='word_1_267' title='bbox 590 3308 612 3371; x_wconf 92' lang='grc'><strong>7,</strong></span> <span class='ocrx_word' id='word_1_268' title='bbox 633 3330 660 3372; x_wconf 88' lang='lat' dir='ltr'><strong>e.</strong></span> <span class='ocrx_word' id='word_1_269' title='bbox 679 3309 749 3374; x_wconf 71' lang='lat' dir='ltr'><strong><em>nott.</em></strong></span> <span class='ocrx_word' id='word_1_270' title='bbox 768 3320 837 3374; x_wconf 83' lang='lat' dir='ltr'><strong><em>tom.</em></strong></span> <span class='ocrx_word' id='word_1_271' title='bbox 855 3313 885 3374; x_wconf 94' lang='grc'><strong>7,</strong></span> <span class='ocrx_word' id='word_1_272' title='bbox 901 3332 926 3374; x_wconf 83' lang='lat' dir='ltr'><strong>o.</strong></span> <span class='ocrx_word' id='word_1_273' title='bbox 944 3313 973 3374; x_wconf 78' lang='grc'><strong>7.</strong></span> <span class='ocrx_word' id='word_1_274' title='bbox 993 3331 1025 3393; x_wconf 84' lang='lat' dir='ltr'><strong>q.</strong></span> <span class='ocrx_word' id='word_1_275' title='bbox 1042 3315 1093 3374; x_wconf 88' lang='grc'><strong>70.</strong></span> <span class='ocrx_word' id='word_1_276' title='bbox 1112 3330 1150 3374; x_wconf 79' lang='lat' dir='ltr'><strong>os</strong></span> <span class='ocrx_word' id='word_1_277' title='bbox 1211 3374 1215 3377; x_wconf 87' lang='grc'><strong>,</strong></span> 
     </span>
     <span class='ocr_line' id='line_1_34' title="bbox 145 3404 336 3458; baseline 0.005 -3"><span class='ocrx_word' id='word_1_278' title='bbox 145 3421 159 3452; x_wconf 89' lang='grc'><strong>77</strong></span> <span class='ocrx_word' id='word_1_279' title='bbox 206 3404 336 3458; x_wconf 65' lang='grc'><strong>777777.</strong></span> 
     </span>
    </p>

    <p class='ocr_par' dir='ltr' id='par_1_15' title="bbox 147 3477 1152 3638">
     <span class='ocr_line' id='line_1_35' title="bbox 186 3477 1152 3562; baseline 0.003 -21"><span class='ocrx_word' id='word_1_280' title='bbox 186 3503 199 3533; x_wconf 81' lang='grc' dir='ltr'>ι</span> <span class='ocrx_word' id='word_1_281' title='bbox 219 3482 250 3541; x_wconf 77' lang='lat'><strong>2.</strong></span> <span class='ocrx_word' id='word_1_282' title='bbox 266 3477 439 3542; x_wconf 81' lang='lat' dir='ltr'><strong><em>Solemniter</em></strong></span> <span class='ocrx_word' id='word_1_283' title='bbox 452 3505 463 3541; x_wconf 89' lang='lat'><strong>.-</strong></span> <span class='ocrx_word' id='word_1_284' title='bbox 477 3498 546 3545; x_wconf 90' lang='grc'><strong>77777</strong></span> <span class='ocrx_word' id='word_1_285' title='bbox 565 3482 591 3541; x_wconf 89' lang='grc'><strong>77</strong></span> <span class='ocrx_word' id='word_1_286' title='bbox 610 3482 674 3542; x_wconf 86' lang='grc'><strong>7777</strong></span> <span class='ocrx_word' id='word_1_287' title='bbox 693 3482 879 3560; x_wconf 79' lang='lat' dir='ltr'><strong><em>solemnitate</em></strong></span> <span class='ocrx_word' id='word_1_288' title='bbox 897 3481 1040 3562; x_wconf 82' lang='lat' dir='ltr'><strong><em>baptizet,</em></strong></span> <span class='ocrx_word' id='word_1_289' title='bbox 1062 3499 1152 3544; x_wconf 51' lang='lat' dir='ltr'><strong><em>extu*</em></strong></span> 
     </span>
     <span class='ocr_line' id='line_1_36' title="bbox 147 3563 803 3638; baseline 0.011 -17"><span class='ocrx_word' id='word_1_290' title='bbox 147 3585 160 3614; x_wconf 93' lang='grc'><strong>77</strong></span> <span class='ocrx_word' id='word_1_291' title='bbox 183 3573 249 3623; x_wconf 78' lang='lat' dir='ltr'><strong><em>sant</em></strong></span> <span class='ocrx_word' id='word_1_292' title='bbox 260 3564 277 3623; x_wconf 80' lang='grc'><strong>7</strong></span> <span class='ocrx_word' id='word_1_293' title='bbox 290 3566 407 3625; x_wconf 84' lang='grc'><strong>77777777</strong></span> <span class='ocrx_word' id='word_1_294' title='bbox 419 3567 547 3638; x_wconf 77' lang='lat' dir='ltr'><strong><em>suarez,</em></strong></span> <span class='ocrx_word' id='word_1_295' title='bbox 562 3568 649 3629; x_wconf 82' lang='lat' dir='ltr'><strong><em>Cerco.</em></strong></span> <span class='ocrx_word' id='word_1_296' title='bbox 659 3563 730 3627; x_wconf 77' lang='lat' dir='ltr'><strong><em>Fttt.</em></strong></span> <span class='ocrx_word' id='word_1_297' title='bbox 742 3564 764 3627; x_wconf 89' lang='grc'><strong>7.</strong></span> <span class='ocrx_word' id='word_1_298' title='bbox 775 3586 803 3629; x_wconf 87' lang='lat' dir='ltr'><strong>o.</strong></span> 
     </span>
    </p>

    <p class='ocr_par' dir='ltr' id='par_1_16' title="bbox 189 3644 1153 3728">
     <span class='ocr_line' id='line_1_37' title="bbox 189 3644 1153 3728; baseline 0.013 -29"><span class='ocrx_word' id='word_1_299' title='bbox 189 3663 204 3692; x_wconf 86' lang='grc'><strong>77</strong></span> <span class='ocrx_word' id='word_1_300' title='bbox 224 3645 253 3700; x_wconf 84' lang='lat' dir='ltr'><strong>o.</strong></span> <span class='ocrx_word' id='word_1_301' title='bbox 268 3644 345 3718; x_wconf 80' lang='lat' dir='ltr'><strong><em>Alii,</em></strong></span> <span class='ocrx_word' id='word_1_302' title='bbox 363 3648 413 3724; x_wconf 90' lang='lat' dir='ltr'><strong>qui</strong></span> <span class='ocrx_word' id='word_1_303' title='bbox 429 3647 587 3707; x_wconf 83' lang='lat' dir='ltr'><strong><em>conficiunt</em></strong></span> <span class='ocrx_word' id='word_1_304' title='bbox 598 3691 606 3720; x_wconf 84' lang='lat'>‚</span> <span class='ocrx_word' id='word_1_305' title='bbox 619 3658 648 3708; x_wconf 85' lang='lat' dir='ltr'><strong><em>ot</em></strong></span> <span class='ocrx_word' id='word_1_306' title='bbox 663 3649 850 3722; x_wconf 82' lang='lat' dir='ltr'><strong><em>ministrant,</em></strong></span> <span class='ocrx_word' id='word_1_307' title='bbox 868 3669 928 3712; x_wconf 90' lang='lat' dir='ltr'><strong>non</strong></span> <span class='ocrx_word' id='word_1_308' title='bbox 942 3660 1062 3728; x_wconf 81' lang='lat' dir='ltr'><strong><em>percont</em></strong></span> <span class='ocrx_word' id='word_1_309' title='bbox 1076 3669 1153 3712; x_wconf 87' lang='lat' dir='ltr'><strong><em>mor-</em></strong></span> 
     </span>
    </p>
   </div>
   <div class='ocr_carea' id='block_1_6' title="bbox 0 0 1320 4176">
    <p class='ocr_par' dir='ltr' id='par_1_17' title="bbox 0 0 1320 4176">
     <span class='ocr_line' id='line_1_38' title="bbox 0 0 1320 4176; baseline 0 0"><span class='ocrx_word' id='word_1_310' title='bbox 0 0 1320 4176; x_wconf 95' lang='lat' dir='ltr'><strong> </strong></span> 
     </span>
    </p>
   </div>
  </div>
 </body>
</html>
