2602 4198
373 267 446 345 cap.
457 265 487 326 s.
499 266 545 328 ue
555 261 784 345 conmanere.
796 264 876 327 uos.
889 268 918 330 ι.
1050 222 1145 330 'sss

145 366 255 441 occuito
279 365 319 430 od
339 385 519 429 concinnens
536 364 695 440 adducere,
718 366 771 430 sed
789 377 892 431 nnnc
911 387 998 432 soors
1026 368 1145 432 traditio

145 455 208 516 sine
223 469 334 533 pompe
352 450 396 530 (tc
409 459 453 512 est
466 449 584 528 coutet
597 469 647 513 css
666 450 770 517 edocet.
780 455 966 533 Quapropter
982 455 1021 515 P.
1032 455 1145 514 Suorec

144 535 208 617 (isc.
223 538 273 596 cit.
293 534 326 597 in
343 536 375 596 S.
396 534 536 599 Pisonum
555 533 633 614 disp.
653 536 703 596 ts.
723 542 790 597 sect.
813 537 855 614 ὅ.)
873 534 996 616 angelici
1011 534 1144 597 Doctoris

144 619 265 696 vestigio
281 636 404 697 sequeus
417 661 426 691 ,
441 619 544 680 scribit
562 636 615 698 per
633 619 721 680 verbs
738 620 806 694 ills,
824 623 1007 693 oraverunt,
1020 626 1056 680 ut
1074 616 1146 678 occi·

144 712 248 786 pereni
262 701 410 782 Spiritum
436 710 588 777 sanctem,
607 704 654 763 vel
672 720 733 764 nou
751 702 907 781 significari
929 703 1076 776 formem,
1090 698 1144 763 scd

142 785 259 848 tsntdm
275 783 484 864 proesmbuism
496 787 658 849 orationem
675 803 765 865 quoru
775 784 1141 865 premissebsusspouott,

143 876 179 930 ut
194 870 330 947 baptizati
345 868 489 953 Spiritum
506 879 640 931 sunctum
651 869 833 948 reciperent,
849 880 937 950 prout
952 869 1040 931 etium
1054 866 1144 931 modo

142 951 179 1017 fit
189 952 222 1014 iu
231 953 356 1015 Ecclesia
369 973 377 1012 ι
392 953 440 1014 vel
450 952 605 1015 dicendum
616 971 695 1028 esse,
706 954 833 1015 inuram
841 954 1006 1026 unctionis,
1017 952 1106 1034 Sipno
1116 957 1143 1013 ts

143 1044 200 1097 cte.
221 1036 362 1099 orationis
386 1037 507 1099 numius
521 1038 696 1117 siguificsri,
711 1037 783 1118 quio
795 1035 952 1101 virtualem
972 1036 1143 1119 deprecatio

142 1138 211 1182 nem
231 1120 300 1200 ipso
318 1116 460 1198 cnossi,
482 1120 627 1202 wionis
646 1120 755 1184 dioioce
774 1121 882 1183 virtuti
908 1131 937 1184 et
950 1116 1143 1206 pmsnissioni

13 1274 16 1279 ,
142 1202 295 1267 innititur.

140 1342 144 1351 .
178 1289 240 1349 Nec
260 1285 438 1351 ceuseudum
462 1284 518 1349 hoe
535 1286 625 1368 gratis
649 1286 792 1350 Spurium
815 1289 986 1361 asseruisse,
1013 1305 1082 1353 uem
1107 1288 1143 1351 iu-

139 1370 246 1435 ordiue
262 1372 394 1433 Romano
410 1371 498 1433 oitsto
511 1372 550 1431 sb
564 1370 706 1445 dicuino,
725 1381 755 1433 ct
767 1370 938 1445 Amoiucio,
951 1377 1003 1453 spui
1021 1373 1140 1437 fuerunt

136 1463 211 1517 ,oute
220 1472 290 1514 suu.
307 1455 379 1529 800,
390 1449 632 1535 inofficScibot.
642 1455 745 1518 Soocti
756 1455 880 1528 dieitur,
893 1454 972 1537 quid
983 1452 1140 1534 Episcopus

140 1555 197 1620 per
213 1535 333 1600 eudon
347 1537 462 1599 mantis
483 1541 655 1617 pronuntiet
673 1539 760 1600 verbu
775 1560 783 1598 ε
801 1536 894 1625 Sipus
912 1557 975 1615 ecs,
993 1538 1137 1614 Domine,

140 1620 518 1701 cuncupiscentiis
537 1621 609 1687 dum
634 1625 733 1703 ungit,
753 1622 847 1685 dicit:
868 1624 932 1707 Epo
955 1631 982 1685 te
1001 1621 1140 1704 confirmo

141 1705 176 1765 in
193 1704 310 1767 nominc
324 1706 445 1782 Patris,
465 1715 517 1768 etc.
536 1708 619 1771 Unde
644 1710 687 1771 uit
707 1704 909 1769 Beiiurminus
929 1706 979 1769 eit.
999 1725 1066 1788 cop.
1091 1708 1137 1769 ii).

141 1787 230 1871 quos.
242 1787 311 1853 edm
328 1789 465 1866 dicimus,
481 1792 571 1871 Sipno
584 1799 621 1865 te,
631 1801 684 1853 etc.
701 1809 814 1872 semper
831 1789 1031 1874 sipnificomns
1043 1790 1141 1853 Deum

134 1890 201 1936 esse
215 1871 271 1953 qni
288 1871 388 1954 sipost
402 1872 625 1953 principaliter,
649 1882 680 1934 ct
697 1872 844 1934 docuissem
863 1875 917 1954 qui
934 1874 964 1937 s'
980 1881 1034 1937 stat
1050 1872 1140 1941 mini·

136 1954 306 2028 steripiiter.
320 1954 412 2034 idque
429 1955 583 2017 confirmet
596 1953 738 2018 Beiiorm.
754 1954 817 2018 eod.
829 1974 853 2017 c.
874 1958 922 2018 to.
947 1894 1006 2019 ii‘.
1028 1958 1057 2017 i.
1069 1959 1140 2021 seri·

137 2042 242 2107 loeus:
268 2042 383 2103 Formio
407 2047 656 2107 sacramentorum
676 2037 790 2121 passim
812 2037 982 2121 ipocriins
1002 2036 1142 2105 dicuntur

137 2141 238 2209 pecces
252 2121 401 2203 mysticis,
418 2121 485 2184 iicet
498 2122 646 2189 interdius
661 2120 854 2205 proferuntur
861 2139 917 2202 per
931 2121 1050 2185 uerbum
1066 2124 1140 2186 indi·

139 2210 260 2275 contisi
276 2225 350 2273 ncnc
364 2210 512 2290 coepero
530 2211 592 2274 Deo
607 2214 776 2291 expectetur
793 2215 822 2269 ct
839 2207 950 2287 petitur
963 2204 1139 2292 principalis

133 2292 280 2374 operatio.
470 2358 476 2378 .
1028 2372 1030 2375 ι

179 2374 275 2443 tauto
296 2377 390 2454 mogis
407 2373 463 2441 hoc
484 2376 542 2439 dict
562 2376 657 2453 sciet,
678 2375 751 2439 dim
775 2382 887 2439 cousin
905 2374 1031 2439 sumam
1051 2375 1138 2457 huius

137 2461 314 2529 mommsuti
328 2461 399 2523 olim
417 2462 449 2521 iu
466 2460 605 2524 unuious
619 2458 782 2522 chricmstis
792 2460 878 2522 iuisse
888 2457 1021 2536 express
1034 2459 1139 2540 depre-

131 2545 299 2616 catoriam,
313 2550 348 2607 ut
364 2545 472 2622 tegitur
490 2543 568 2624 opud
587 2544 620 2613 S·
639 2543 826 2607 Ambrosium
842 2538 894 2604 tit.
912 2544 943 2603 ἢ.
963 2541 1094 2617 chccr.
1110 2563 1137 2610 c.

136 2625 194 2691 uit.
208 2629 259 2689 utri
274 2626 336 2689 hec
345 2636 409 2690 erut
420 2628 514 2691 iorms
527 2648 536 2688 ι
550 2628 630 2691 osu
644 2626 698 2711 psi
713 2634 740 2688 te
756 2624 935 2707 repensionis
945 2626 1136 2710 omnipotens,

136 2710 330 2790 consensitque
347 2709 402 2771 tici
417 2718 556 2793 peccota,
572 2710 634 2794 ipse
657 2716 685 2770 ts
704 2717 797 2793 unpot
813 2709 847 2771 in
869 2709 961 2773 uitam
986 2719 1136 2773 otonem.

134 2795 229 2860 Addit
249 2791 444 2857 continuator
462 2795 586 2858 Witosse
603 2793 638 2855 in
656 2810 686 2877 q.
701 2795 730 2859 5.
745 2794 782 2857 de
798 2794 894 2859 forms
908 2793 1138 2859 confirmationis

136 2887 197 2943 art.
220 2880 251 2941 5.
271 2894 308 2944 ex
330 2875 493 2952 discordo,
511 2885 542 2943 et
558 2875 696 2950 Morino,
716 2877 842 2955 formum
856 2895 949 2959 usque
965 2877 1003 2939 sd
1025 2896 1136 2943 nonum

128 2963 276 3027 suculmu
297 2961 385 3025 iuisse
403 2960 636 3040 deprecativam,
657 2959 736 3024 uude
756 2961 877 3023 subdit:
892 2957 980 3028 Ntttt
998 2959 1137 3043 impedire

135 3045 296 3128 quominics
306 3043 367 3107 istuc
375 3041 475 3128 sorno
485 3044 580 3125 (signo
594 3051 640 3117 te,
652 3043 721 3123 stc.)
734 3040 979 3119 licitindicotiuo,
993 3041 1137 3107 invocatio

135 3130 176 3194 sit
186 3128 316 3210 Spiritus
328 3126 437 3202 sancti,
453 3133 507 3189 cte.
524 3127 598 3189 Huic
612 3124 703 3205 porro
717 3127 852 3204 congruit
869 3126 900 3187 id
922 3125 1003 3205 quod
1021 3127 1137 3205 scripsit

135 3218 169 3279 S.
182 3215 238 3276 teo
249 3214 320 3294 (Ep.
332 3210 373 3275 cci
381 3210 526 3275 Nicctom
534 3228 599 3307 cop.
608 3210 652 3289 7.)
664 3234 676 3273 .-
689 3210 749 3286 Qui
759 3207 935 3291 baptismum
949 3206 1137 3274 attuaticis

135 3304 322 3378 mmmm,
333 3291 397 3359 scio
411 3292 507 3356 conen
519 3293 650 3376 Spuinis
664 3293 844 3357 invocatione
855 3308 908 3373 pcr
924 3291 1136 3372 impositionem

123 3396 281 3445 nsoounus
294 3376 489 3459 confirmandi
504 3385 585 3440 sunt.
598 3378 744 3450 Observa,
759 3375 823 3438 solo
837 3374 932 3438 suncti
947 3373 1077 3459 Spiritus
1088 3376 1136 3439 in·

127 3462 299 3542 ,suessionen
314 3480 380 3541 quoe
387 3461 451 3541 jum
466 3461 497 3521 iu
514 3460 655 3523 hodierna
666 3463 760 3523 iorurc
772 3459 897 3522 habetur
909 3460 1022 3544 perillo
1033 3460 1133 3538 verbs,

137 3547 174 3633 iss
187 3543 304 3608 nornine
317 3545 438 3622 Patris,
454 3550 483 3605 et
498 3540 583 3620 Filii,
599 3552 627 3605 et
636 3543 765 3625 Spiritiis
780 3545 884 3606 suncti.

176 3626 321 3693 Ceterum
336 3627 481 3707 quidquid
498 3626 536 3690 dc
549 3627 650 3707 priscis
663 3626 771 3689 ritibus
787 3628 826 3689 sit
839 3626 914 3691 circu
937 3625 1026 3707 huius
1041 3625 1134 3693 sucru-
