2562 4166
228 257 299 344 cop.
314 250 400 314 5.οε
416 245 716 331 officiosoemloriom.
729 232 848 316 nota
855 252 919 314 Art.
929 254 961 314 b.
1039 254 1096 317 lbi

104 352 182 414 denti
192 352 227 414 ad
242 370 306 412 rem
321 348 524 422 retinendam,
539 348 631 409 donee
646 360 759 413 constet
779 352 817 413 de
832 351 899 428 jure
912 351 1029 414 alterius
1041 396 1050 425 ,
1064 364 1096 414 ut

102 436 319 515 loquiturltono
358 429 418 505 lio,
442 431 571 492 dicens:
589 430 705 494 Titulus
713 434 902 515 possessionis
919 452 956 496 eo·
970 452 1098 497 emamu-

101 519 180 578 niori
189 514 311 597 lbeolopo
350 534 381 575 aa
393 514 537 576 sententio
547 513 627 576 elidit
638 516 768 580 rationes
776 516 995 599 probabiliores.
1007 518 1097 595 quue

101 600 171 661 dicit
184 599 329 662 Cardenus
349 595 369 657 l.
382 617 407 657 e.
423 616 457 657 a.
468 597 535 657 tls.
545 599 663 674 probari
681 603 852 662 auctoritate
864 600 1098 661 communissimd

103 685 261 744 Doctorum
277 701 346 742 oum
368 677 508 752 Bortolo,
521 682 626 741 Ionos.
650 681 722 744 Abb.
738 685 854 756 loson,
877 681 978 758 Folia,
998 689 1050 742 eto.
1069 690 1100 743 et

101 768 231 844 pluribus
261 766 400 828 textibus.
430 763 513 823 Unde
529 764 712 826 doctissimus
732 765 900 829 cardinalis
921 764 1100 846 Ssoodrotus

100 850 133 911 in
150 854 216 931 nep.
228 868 287 911 soe.
302 847 353 910 lib.
370 850 398 908 l.
413 847 439 927 S.
459 850 508 907 20.
523 866 555 907 ra.
571 850 619 908 ll.
634 851 767 928 scripsit,
782 870 841 911 non
858 869 920 911 esse
941 850 1099 929 proceden-

99 935 170 996 dum
188 943 285 999 eontra
310 933 542 1010 possessionem,
570 933 681 994 nisiex
709 936 896 996 certitudine.
921 933 1099 996 cumcuim

97 1017 146 1094 jus
161 1018 346 1096 possessionis
357 1018 396 1077 sit
410 1015 459 1091 jus
471 1025 604 1088 eertum,
625 1035 685 1078 non
706 1027 802 1096 potest
821 1019 891 1079 elidi
910 1019 966 1077 nisi
986 1016 1023 1078 ab
1041 1017 1099 1078 alio

97 1100 163 1178 jure
175 1110 252 1164 certo
276 1103 399 1173 eoloris,
420 1109 450 1159 et
470 1100 532 1176 jana
545 1102 682 1178 probato.
699 1102 810 1178 Nequit
828 1113 925 1163 eutem
940 1101 999 1163 dici
1019 1110 1099 1162 aetor

96 1184 145 1261 jus
167 1204 254 1248 suum
275 1186 424 1264 probare,
443 1186 493 1262 qui
511 1187 639 1245 rationes
663 1186 892 1264 probabiliores,
917 1203 978 1246 non
1002 1194 1101 1269 autem

99 1271 301 1331 convincentes
313 1313 321 1341 ,
333 1268 451 1328 adducit
475 1277 575 1328 eontra
597 1284 810 1348 possessorem,
824 1273 875 1349 qui
887 1271 1037 1350 probabile
1050 1268 1100 1348 jus

99 1350 195 1415 babet.
210 1352 286 1414 iluie
299 1352 451 1413 sententiae
466 1369 496 1411 se
515 1352 649 1431 adjungit
662 1356 739 1414 Boo.
753 1353 788 1416 de
801 1362 869 1416 rest.
884 1354 914 1417 d.
931 1357 960 1415 l.
976 1354 1006 1437 q'
1020 1356 1050 1415 2.
1064 1371 1097 1433 p.

99 1439 127 1498 2.
143 1457 175 1497 aa.
195 1438 226 1498 6.
238 1437 289 1497 ubi
300 1439 423 1514 loquens
435 1435 472 1494 de
487 1436 663 1514 obligatione
675 1437 887 1510 restitutionis,
910 1439 982 1500 dicit
996 1482 1005 1512 ,
1017 1435 1098 1515 qubd

99 1537 241 1600 possessor
259 1520 370 1580 hebens
381 1536 436 1597 pro
448 1536 479 1578 se
495 1521 639 1580 rationem
656 1523 836 1600 probabilem
857 1541 917 1583 non
931 1530 1048 1583 tenetur
1060 1518 1099 1580 ad

98 1607 187 1667 ullam
209 1604 445 1679 restitutionem,
462 1604 576 1663 etiamsi
593 1604 642 1680 jus
664 1606 782 1667 alterius
797 1607 851 1685 ipsi
871 1607 1004 1667 rideatur
1029 1622 1100 1683 pro·

98 1687 243 1764 labilius,
256 1687 309 1747 bus
331 1689 459 1747 rationes
476 1687 642 1747 adducens:
662 1688 737 1750 Ttim
758 1691 830 1772 quio
845 1690 878 1751 ira
898 1689 964 1771 foro
978 1688 1098 1750 'esterno

98 1789 157 1832 aon
173 1771 351 1853 obliporetor
364 1770 405 1830 od
424 1768 518 1830 ullam
536 1771 764 1846 restitutionem,
782 1778 848 1854 erpb
865 1771 1100 1854 oeooblipondus

97 1862 141 1916 est
164 1854 199 1916 ira
216 1855 280 1936 foro
299 1856 495 1926 conscientie,
509 1855 574 1914 edm
588 1855 664 1916 idem
685 1874 743 1918 esse
762 1857 861 1918 debeat
868 1855 1016 1937 judicium
1039 1852 1102 1931 fori

96 1937 212 1998 interni
236 1947 265 1999 et
277 1932 536 2018 oeterni5qooodo
549 1937 649 2018 forum
671 1939 797 2000 arterias
817 1957 878 1999 noo
902 1936 1101 2017 nititorfolsd

93 2024 345 2103 presumptione-
364 2021 426 2083 tinu.
442 2021 514 2102 quio
526 2022 667 2103 possessio
687 2020 922 2102 oerto'proeoolet
936 2019 1100 2081 rationibus

95 2105 300 2169 inducentibus
311 2109 343 2169 in
356 2116 472 2188 portem
491 2108 677 2186 oppositam,
694 2105 744 2167 seol
757 2124 817 2166 oon
831 2101 1038 2184 proterentibus
1053 2119 1102 2164 as·
1176 2120 1183 2131 ’

95 2208 227 2261 sensum.
242 2191 317 2271 Ergb
330 2200 365 2251 ut
375 2198 488 2252 eertum
501 2189 591 2250 habet
601 2189 648 2250 bie
659 2200 781 2262 auctor,
795 2188 875 2269 qubd
890 2185 1002 2248 etiamsi
1021 2192 1102 2245 actor

97 2274 186 2335 babet
198 2294 253 2354 pro
266 2280 297 2336 se
318 2276 445 2336 rationes
464 2272 699 2352 probabiliores,
717 2275 768 2335 sed
793 2291 853 2333 non
873 2269 1077 2355 convincentes
1088 2270 1099 2340 ’,

98 2376 246 2438 possessor
264 2376 324 2419 non
336 2369 378 2418 est
387 2358 497 2434 judicio
511 2357 713 2435 exspoliandus
731 2376 765 2417 re
779 2354 918 2434 possessa.
938 2353 997 2411 Neo
1007 2351 1102 2412 obstat

97 2450 194 2505 textus
206 2443 293 2520 supra
308 2443 457 2520 oppositus
473 2462 481 2498 ε
496 2439 617 2521 lepori
627 2456 717 2500 causo
728 2445 826 2522 potior
842 2446 884 2500 est
898 2435 1023 2499 conditio
1032 2453 1102 2518 pos·

97 2527 230 2590 ardentis.
243 2528 319 2605 Ergb
335 2532 379 2604 (ut
392 2529 434 2587 ait
448 2523 563 2604 Tamb.)
576 2542 635 2584 non
649 2534 693 2585 est
707 2527 803 2604 potior
812 2526 844 2584 in
858 2542 940 2585 eausa
956 2541 1014 2583 non
1024 2523 1099 2603 pari.

97 2615 175 2674 Nam
199 2613 371 2690 responderi
391 2619 506 2690 potest,
528 2607 608 2686 qubd
630 2627 665 2669 ex
691 2619 771 2671 textu
792 2609 921 2670 illo'non
941 2604 1100 2689 necessariis

99 2695 242 2766 insertur,
257 2694 336 2773 qubd
354 2696 497 2754 sententia
524 2693 643 2753 ferenda
658 2695 696 2754 sit
717 2712 772 2774 pro
791 2703 888 2755 actore
912 2692 1037 2754 habente
1053 2700 1101 2752 ra‘·

99 2779 195 2840 tiones
212 2779 423 2857 probabiliores
449 2785 548 2836 eontra
571 2793 763 2853 possessorem
782 2779 965 2858 legitimum,
978 2778 1028 2855 qui
1047 2793 1101 2854 pro

98 2878 130 2921 se
143 2863 288 2922 rationem
300 2861 483 2940 probabilem
504 2859 610 2931 habet,
631 2860 686 2932 hoe
704 2864 785 2923 e'nim
798 2882 864 2923 casu
876 2860 974 2941 potiris
990 2856 1101 2920 attendi

98 2944 188 3006 debet
199 2946 249 3005 illa
262 2944 318 3004 alia
331 2946 431 3023 regula
448 2943 524 3022 juris
547 2946 596 3005 ll.
610 2945 771 3008 nimirums
788 2946 860 3006 Odor
878 2953 949 3006 sont
967 2940 1102 3023 portiom

92 3027 171 3108 juro
190 3026 330 3100 obscuro,
347 3020 622 3109 potirissaoendam
643 3037 686 3088 est
706 3048 754 3092 reo
766 3074 775 3102 ,
789 3032 877 3112 quom
899 3027 1003 3088 actori.
1031 3023 1101 3087 Dixi

96 3128 297 3192 possessorum
326 3109 509 3191 lepitimam,
549 3112 618 3190 quia
650 3114 781 3195 alioquin
814 3113 869 3191 (ut
903 3107 992 3186 supra
1024 3107 1102 3169 dixi·
1156 3180 1161 3187 f

98 3194 178 3271 mus)
190 3195 215 3255 si
230 3197 372 3272 possessio
384 3213 444 3255 non
455 3203 528 3256 esset
540 3203 617 3255 oerta
627 3204 694 3264 ‚aut
705 3213 765 3255 non
778 3192 856 3254 oertb
867 3193 995 3270 legitima
1011 3199 1102 3262 ‚tune

95 3276 189 3354 judex
214 3279 302 3339 debet
313 3279 363 3357 jus
389 3280 485 3340 dicere
506 3278 667 3339 seeundirm
685 3278 854 3356 opinionem
874 3273 1101 3352 probabiliorem
1173 3300 1175 3304 ’

98 3360 139 3422 de
149 3363 350 3441 proprietate,
365 3371 399 3423 ut
414 3380 515 3424 omnes
529 3363 634 3423 docent
647 3369 714 3420 oum
730 3360 792 3438 ipso
807 3358 929 3419 cordio.
942 3355 996 3418 loo.
1010 3357 1059 3419 eit.
1068 3358 1102 3420 io
1171 3432 1174 3438 ¹

97 3443 132 3506 el·
146 3464 233 3527 prop.
247 3450 278 3508 ἢ.
292 3451 329 3508 Et
340 3448 407 3509 ideb
419 3447 532 3526 judiees
544 3446 741 3508 communiter
751 3462 797 3504 res
813 3443 980 3522 adjudicant
990 3441 1107 3506 baben-¹

99 3530 184 3591 tibns‘
198 3531 249 3608 jus
261 3533 462 3611 probabilius,
484 3531 553 3611 quia
575 3531 607 3589 in
628 3530 693 3592 foro
710 3537 831 3592 esterno
852 3529 1008 3592 difficulter
1025 3531 1101 3594 bona

98 3612 175 3676 lides
188 3617 360 3694 possessoris
379 3617 499 3697 probari
517 3621 623 3696 potest.
727 3636 730 3644 ·
