2610 4186
362 352 435 429 Cep.
450 348 479 406 ·Ι.
495 348 540 407 Do
554 343 681 405 neoterio
693 343 841 424 baptismi.
857 343 935 404 Ded.
949 346 977 402 t.
1107 348 1164 408 517

154 463 221 522 127.
244 430 282 521 ιι..
303 460 333 520 8.
351 475 417 518 curn
441 453 589 515 cotumuoi
602 463 634 512 ut
646 455 770 524 asserit,
787 454 854 530 quia
877 453 974 530 liquor
1000 455 1048 515 iile
1063 475 1164 517 suecos

154 556 197 605 est
211 544 341 618 arboris,
364 558 423 601 non
447 557 531 615 aqua.
548 537 603 597 Sed
618 536 724 597 mettis
740 539 824 597 cont.
844 541 1029 597 Tomentum
1049 541 1162 602 Dirost.

153 629 289 690 otiienzi
309 643 376 687 eum
396 619 572 703 Pusqttoiiq.
590 618 725 683 Verricoi.
744 630 796 682 ete.
818 621 920 682 dieunt
936 640 996 682 esso
1012 625 1164 684 materiam

152 712 292 772 dubiam.

196 795 275 855 Dtrb.
290 798 321 856 i.
348 793 394 852 An
416 792 521 869 glacies
541 790 603 849 sive
625 790 676 848 nix
692 808 752 849 non
770 791 863 850 soiuta
880 792 919 850 sit
935 792 1057 851 materia
1075 795 1165 870 apta?

133 922 137 925 -
156 882 271 958 Negant
284 878 396 957 pariter
411 878 497 934 Cone.
511 893 542 932 o.
554 874 582 932 ⁷.
598 881 627 932 et
642 874 769 933 Croixo.
782 877 848 933 ιιι.
860 893 926 934 outo
944 878 1097 950 Tunooro,·
1114 875 1166 933 sed

154 963 291 1023 dubitant
302 966 410 1022 Aversa
423 977 473 1038 up.
493 957 600 1028 Cr'oioe,
617 956 894 1038 etHurtod.Proep.
905 962 1074 1021 ooPuteun.
1085 958 1166 1041 optati

155 1047 251 1109 Ronzi
258 1069 268 1124 3
278 1046 345 1109 ided
355 1046 457 1105 dieunt
465 1062 548 1122 posse
557 1044 588 1102 in
599 1045 768 1104 necessitate
777 1043 909 1105 adhiberi
921 1047 975 1106 sub
984 1046 1163 1106 conditione.

155 1142 158 1149 ’
196 1149 315 1208 too...
333 1172 346 1199 ι
360 1148 446 1221 Resp.
465 1147 494 1204 ι.
512 1143 658 1204 Proximo
675 1144 795 1203 materia
813 1144 950 1221 baptismi
968 1154 1011 1204 est
1027 1144 1162 1203 ablutio:

147 1226 171 1285 ἰ
196 1250 262 1309 quae
274 1229 370 1291 vaiidd
381 1229 414 1288 tit
425 1229 519 1288 tribus
528 1227 621 1287 modis
633 1229 758 1298 ,seiiteot
769 1228 957 1288 immersione
969 1272 977 1301 ,
988 1229 1163 1306 aspersione,

156 1338 171 1368 ι
197 1315 360 1385 infusione,
369 1312 453 1390 juxta
467 1312 581 1390 praxim
595 1312 776 1372 diversarum
790 1311 1000 1383 Ecclesiarum,
1015 1330 1080 1390 quae
1104 1330 1167 1371 ser·

155 1423 170 1453 ιι
201 1399 295 1459 vande
308 1407 369 1463 est,
389 1398 428 1457 ita
449 1409 482 1456 ut
501 1396 606 1457 morali
628 1395 785 1455 hominum
795 1395 907 1473 judicio
935 1408 1086 1456 censeatur
1104 1416 1166 1458 esse

157 1508 173 1537 e
196 1484 293 1558 totus;
307 1501 342 1543 ex
355 1490 499 1559 praerepto
513 1491 612 1540 tamen
624 1490 710 1559 eaput
726 1480 904 1540 abluendum
913 1490 967 1553 ost,
978 1482 1057 1560 qnod
1070 1485 1167 1560 praxis

157 1591 173 1620 ι
197 1567 330 1626 Eeeiesioe
352 1564 451 1624 habet.
465 1565 550 1625 liatio
561 1573 622 1634 est,
637 1566 705 1642 quia
727 1565 859 1643 quolibet
880 1564 988 1626 horum
1009 1566 1166 1626 modorum

157 1675 173 1704 a
196 1649 261 1710 fieri
272 1658 366 1728 potest
379 1650 501 1709 ablutio.
516 1650 552 1708 Et
566 1649 686 1727 quidem
704 1650 813 1710 trinam
826 1651 1003 1710 mersionem
1023 1668 1081 1710 non
1105 1669 1166 1712 esse

156 1755 174 1788 ιι
198 1733 391 1792 neeessariam
404 1740 517 1792 constat
532 1752 566 1792 ex
586 1734 712 1794 eoneilio
731 1734 883 1794 Toletano.
900 1734 956 1794 Ubi
971 1743 1068 1794 tamen
1089 1735 1165 1795 trina

156 1842 173 1870 ιι
196 1819 242 1877 roi
253 1818 419 1885 immersio,
436 1818 483 1876 uel
495 1816 602 1877 infusio
619 1819 723 1876 usitata
736 1826 801 1890 est,
818 1819 881 1877 sine
894 1820 975 1895 gravi
989 1827 1106 1896 peceato
1120 1837 1166 1878 ex·

157 1925 173 1954 »
197 1909 240 1960 tra
263 1900 464 1960 necessitatem
487 1919 546 1960 non
570 1907 665 1977 potest
679 1902 886 1977 pretermitti,
912 1910 945 1960 ut
958 1901 1044 1960 docet
1062 1905 1093 1960 S.
1109 1899 1164 1961 rt.

155 2009 173 2039 a
198 1985 257 2044 Etsi
269 1984 317 2044 aiii
331 2028 339 2056 ,
358 1984 468 2044 secluso
482 1983 615 2043 seandalo
629 2028 637 2053 ,
657 1992 687 2042 et
707 1992 897 2060 contemptu,
914 1984 1013 2042 dicant
1025 2001 1087 2043 esse
1100 1992 1165 2042 tan-

156 2091 172 2120 a
197 2065 261 2130 tima
274 2068 398 2129 veniale.
411 2070 517 2149 Luyrn.
531 2064 552 2127 l.
564 2087 589 2127 c.
601 2086 632 2127 n.
646 2069 675 2127 d.
691 2069 803 2127 Boane.
816 2064 869 2126 too.
882 2066 931 2125 cit.

542 2252 623 2314 Unde
641 2249 783 2315 resolves:

202 2464 216 2496 ι
235 2441 266 2500 i.
283 2441 351 2502 Non
363 2438 433 2499 vore
447 2439 628 2517 baptizatur,
645 2436 727 2514 eujus
740 2437 821 2496 nulla
838 2454 905 2515 pars
917 2435 1086 2498 immediate
1102 2444 1166 2498 tan·

157 2550 173 2577 ι»
197 2523 299 2602 gitur,
316 2542 347 2584 v.
365 2542 394 2601 g.
414 2524 510 2582 inians
528 2523 560 2582 in
579 2531 682 2597 utero,
697 2522 746 2581 vei
763 2523 834 2580 eista
845 2543 854 2597 3
867 2523 914 2581 uei
931 2521 1065 2595 adultus,
1083 2521 1166 2601 eujus

157 2630 173 2659 a
197 2616 292 2667 vestes
314 2605 432 2667 tantiam
448 2608 509 2667 sint
528 2624 662 2684 aspersae.
676 2607 782 2685 Loynt.
796 2608 874 2666 Boo.
888 2603 920 2667 li.
931 2625 971 2666 co.
1061 2636 1064 2641 ·

197 2723 211 2749 a
230 2700 259 2756 2.
276 2699 343 2758 Non
357 2698 521 2776 requiritur
537 2698 573 2757 ad
588 2698 718 2757 valorem
728 2741 736 2768 ,
748 2705 781 2756 ιιι
799 2698 849 2774 qui
863 2698 1027 2777 baptizetur
1038 2707 1167 2779 emergat

160 2806 174 2835 u
197 2798 234 2840 ex
246 2799 321 2859 aqua
339 2802 347 2839 ι
363 2807 376 2835 ι
390 2780 476 2863 (putei
490 2780 518 2842 oi
532 2780 723 2861 tmusoyator
733 2780 768 2840 in·
778 2777 922 2860 [lumem.-
939 2807 953 2836 ι
970 2783 1050 2860 quod
1069 2793 1166 2843 tumen

159 2891 174 2920 a
199 2884 287 2942 grave
296 2877 446 2946 peceatum
458 2878 519 2938 est,
533 2878 594 2929 esto
605 2867 800 2930 nihilominus
811 2871 974 2930 moriturus
985 2879 1059 2929 esset
1071 2871 1166 2945 botati-

158 2974 174 3004 ι
199 2949 319 3011 zandus.
338 2955 443 3032 Loym.
462 2971 486 3013 o.
506 2955 535 3012 5.
552 2972 585 3013 a.
605 2955 634 3013 5.
654 2953 699 3014 uti
716 2955 805 3014 etiem
826 2963 951 3014 matrem
973 2951 1167 3013 nihilominus

161 3061 174 3087 ι
200 3036 394 3107 morituram,
410 3038 457 3098 vei
472 3039 575 3098 mortis
588 3056 668 3101 ream
683 3040 813 3116 aperire,
830 3047 864 3096 ut
878 3039 973 3096 inians
989 3037 1165 3113 baptizetur.

159 3144 174 3174 a
198 3120 306 3200 leym.
323 3120 345 3182 l.
363 3125 393 3183 ὅ.
410 3130 432 3183 ι.
447 3126 476 3182 2.
489 3141 515 3182 o.
528 3124 557 3181 5.
571 3140 654 3181 rrum.
669 3124 698 3182 ι.
712 3123 767 3181 ubi·
786 3122 907 3179 unicum
923 3138 1021 3179 cusum
1040 3119 1164 3196 exeipit,

158 3227 172 3256 a
196 3204 221 3262 si
244 3205 388 3267 aimiritm
408 3218 502 3267 mater
519 3206 558 3264 sit
577 3211 674 3264 morte
690 3205 798 3282 dignu,
819 3212 849 3262 et
870 3204 894 3261 si
914 3202 1090 3278 supplicium
1110 3202 1166 3260 dii·

159 3309 173 3339 a
198 3287 327 3360 seratur,
340 3290 438 3350 inians
450 3289 531 3350 certo
547 3289 587 3347 sit
604 3288 766 3346 moriturus
777 3295 845 3345 ente
858 3283 1166 3344 nativitatemvertim

159 3392 174 3422 a
198 3370 278 3431 reete
296 3372 378 3433 addit
395 3392 431 3433 ex
450 3376 541 3435 Suar.
563 3387 662 3432 casum
678 3367 824 3428 hunerix
842 3368 998 3441 moralem,
1015 3374 1045 3428 et
1061 3367 1167 3445 praeti-

50 3531 69 3551 .
159 3477 174 3507 a
198 3472 267 3516 eum
284 3475 356 3517 esse.
376 3458 449 3518 Vide
465 3456 487 3518 t.
502 3476 527 3518 e.

204 3569 218 3598 a
237 3547 269 3608 5.
290 3549 438 3623 invalidus
452 3558 495 3609 est
512 3548 689 3628 baptismus:
702 3549 727 3607 1.
744 3547 775 3630 Si
792 3546 859 3624 quis
870 3533 986 3606 labatur
996 3546 1027 3604 in
1041 3563 1165 3623 aquam,

158 3653 173 3683 a
197 3630 245 3689 vel
263 3631 302 3691 ab
320 3633 380 3693 alio
399 3633 610 3711 protruditur,
622 3642 653 3693 et
673 3641 772 3694 tamen
788 3628 913 3697 iorm‘o'm
929 3630 1113 3711 pronuntiet.
1127 3631 1164 3687 tt.

134 3748 137 3755 ι
157 3738 173 3768 ι
197 3714 228 3773 si
248 3715 375 3777 sormam
395 3719 589 3795 pronuntians
612 3726 710 3780 teneat
729 3735 876 3796 puerum,
896 3725 926 3775 et
947 3717 1023 3862 gitur
1042 3715 1166 3781 abluat,
