2620 4176
309 214 400 307 ‚0ch
414 210 444 287 5.
456 210 500 288 De
512 210 605 308 officio
614 210 898 290 sccsetortomluot.
911 232 941 290 6.
1078 234 1133 293 too

126 333 172 394 rei
188 338 396 411 paupertatem
405 327 535 406 judicem
558 329 657 401 adire,
671 340 705 392 ut
714 339 793 410 patet
807 350 873 391 exo.
885 331 921 391 Si
928 329 982 411 qui
996 326 1133 407 testium,

126 416 160 478 de
172 415 269 477 testib.
285 417 320 475 ln
330 415 423 474 causis
433 412 716 475 verb'criminalibns
733 417 794 494 ipse
806 414 899 492 judex
921 434 1042 481 examen
1060 418 1134 479 solet

126 503 280 580 excipere,
295 497 431 559 exdutb.
445 497 480 558 de
495 497 586 559 testib.
601 497 628 579 §-
644 502 715 561 Hice
731 499 844 560 cornio.

54 644 58 654 ,
162 582 492 659 'l’estisinterrogandus
502 582 589 642 estdc
598 602 649 642 sua
657 593 742 644 etate
752 629 760 655 ,
772 585 905 656 nomino,
916 586 1089 663 cognomine
1104 593 1135 646 et

127 669 299 729 conditione
318 687 326 723 ε
342 667 568 753 interrogandus
589 667 658 727 inde
671 667 909 749 perurt'ieulosde
921 669 1016 739 sacto,
1030 678 1059 728 et
1070 669 1133 746 ejus

126 751 375 822 circumstantiis,
401 767 507 827 nempe
530 750 567 809 dc
587 751 668 822 loco,
684 759 815 829 tempore
828 797 836 824 ,
851 752 888 812 de
907 753 971 812 aliis
1002 753 1134 832 personis

126 837 310 898 adstantibus
327 834 364 893 ad
380 835 489 893 factum
503 853 511 890 :
526 836 597 893 item
615 835 652 894 de
666 838 778 895 ratione
789 855 849 896 suae
865 838 995 908 notitiae,
1012 856 1134 916 praeser-
1171 844 1173 851 ’

126 923 182 983 tim
192 916 326 980 in'eausa
348 919 505 978 criminali.
518 917 592 1001 ⁸Vide
612 916 706 979 Sotm.
724 928 761 979 tr.
785 921 835 980 29.
851 939 876 981 c.
895 923 925 980 5.
942 940 973 1001 p.
989 920 1018 982 b.
1036 941 1068 980 o.
1082 923 1130 981 78.

126 1010 200 1066 Item
223 1004 334 1063 deben't
350 1002 438 1061 scribi
453 1001 541 1060 verba
561 1004 661 1072 testis,
680 1014 767 1080 prout
782 1006 844 1083 ipse
864 1006 984 1082 profert.
1000 1007 1074 1065 ltcm
1086 1024 1132 1064 ea·

24 1106 25 1111 ¹
124 1089 278 1159 rendum,
301 1104 339 1146 ne
358 1086 440 1145 testis
453 1085 533 1145 -seiat
554 1085 767 1167 depositionem
791 1088 906 1148 ababa
929 1097 1002 1150 teste
1016 1090 1131 1149 saetam.

124 1170 219 1234 Suim.
232 1168 307 1232 ibid.
318 1170 408 1228 otu.
478 1189 481 1196 ¹
567 1167 571 1173 ’
1146 1228 1160 1241 ,,

163 1256 245 1316 Testi
267 1250 449 1333 deprehenso
461 1252 491 1311 in
509 1254 655 1330 aliquibus
666 1254 771 1314 salsum
785 1254 914 1326 dixisse,
938 1257 970 1315 in
988 1256 1052 1317 aliis
1073 1275 1133 1317 non

124 1349 168 1401 cst
184 1338 378 1421 credendum.
400 1332 493 1396 Sotm.
509 1335 581 1398 itit.
606 1357 639 1397 a.
655 1339 712 1414 st„
726 1340 876 1417 Depositio
900 1339 1021 1400 demdm
1046 1341 1134 1400 debet

124 1423 223 1486 denub
244 1432 313 1505 ante
328 1429 431 1482 testem
445 1422 519 1499 legi,
538 1431 567 1482 ct
579 1423 616 1482 ab
626 1442 662 1483 eo
678 1424 818 1484 ratificari
831 1469 840 1498 ,
854 1426 927 1489 etin
940 1424 1133 1486 ratificatione

124 1508 291 1570 notandum
305 1515 349 1566 cst
368 1505 399 1566 id
416 1505 529 1582 quodsi
554 1515 628 1566 teste
649 1507 787 1580 additur,
811 1511 859 1569 vel
879 1519 1021 1569 mutatur.
1048 1512 1083 1568 Et
1099 1510 1131 1573 in

122 1595 184 1655 'bne
197 1590 374 1652 secretarius
385 1589 513 1650 seribere
524 1589 610 1650 debet
625 1613 633 1649 ι
650 1593 722 1665 Quoe
744 1592 846 1653 omnio
864 1589 1026 1673 affirmavit
1042 1592 1133 1653 oeris-

123 1678 200 1738 simo
215 1694 277 1736 esse
290 1674 478 1755 jatrumento,
501 1673 579 1753 quod
594 1676 750 1755 prestitit3
774 1686 819 1753 ct,
839 1678 906 1739 otim
924 1680 1041 1761 omitia,
1066 1695 1132 1757 quta

24 1826 26 1829 ,
124 1761 282 1842 deposuit,
300 1757 372 1818 tecto
394 1760 421 1819 ei
441 1756 568 1837 fuissent
585 1758 620 1819 de
645 1760 729 1821 aerbo
757 1759 954 1836 adverbum,
975 1759 1031 1822 itta
1059 1760 1133 1821 ruti·

123 1844 244 1925 ficooit,
260 1842 441 1924 propriaque
462 1861 556 1902 mooe
582 1838 763 1923 subscripsit.¹
787 1848 823 1904 Et
843 1847 874 1903 in
897 1847 957 1905 fine
975 1845 1133 1922 depositio·

124 1932 171 1988 nis
184 1927 343 2005 cujuslibet
352 1927 444 1997 testis,
459 1925 570 2002 judex,
593 1927 692 1998 testis,
715 1935 744 1986 et
761 1929 933 1987 secretarius
951 1945 983 1986 sc
1006 1929 1134 1989 subscri-

123 2015 197 2075 bere
212 2016 331 2074 debent.
349 2016 401 2087 Et,
421 2014 443 2073 si
467 2016 548 2073 testis
571 2013 699 2073 scribere
716 2015 848 2086 nesciat,
872 2014 968 2091 signet
992 2033 1131 2086 erucem,

123 2110 154 2161 ut
166 2101 245 2159 alius
256 2119 309 2178 pro
331 2100 394 2176 ipso
415 2099 596 2169 subscribat,
608 2107 637 2157 et
649 2098 821 2157 secretarius
839 2096 949 2157 ibidem
967 2095 1022 2154 hoc
1037 2108 1130 2159 notet.

123 2186 172 2245 Sic
184 2194 285 2245 autem
302 2184 442 2245 ratificatd
458 2183 659 2262 depositione,
683 2183 764 2242 nulla
789 2180 916 2261 ampiibs
937 2181 1069 2240 habenda
1089 2176 1134 2261 cst

122 2274 200 2333 ratio
217 2273 256 2335 de
275 2273 311 2332 iis
327 2291 392 2350 quoe
411 2273 491 2330 testis
508 2271 594 2344 aliter
607 2279 705 2347 postea
727 2262 822 2339 dicat,
844 2269 932 2329 etiam
956 2269 988 2326 in
1010 2269 1133 2328 articulo

122 2360 248 2430 mortis,
264 2368 299 2418 ut
321 2357 424 2417 dieunt
440 2353 529 2416 uota.
544 2352 639 2417 betta.
662 2362 691 2413 et
703 2356 785 2418 Meo.
808 2352 879 2414 Vide
894 2348 987 2414 Saite.
1004 2348 1076 2414 ibid.
1097 2371 1129 2412 e.

123 2444 178 2525 83„
188 2451 257 2525 etp.
270 2445 300 2502 6.
313 2460 346 2513 a.
360 2440 410 2500 92.
701 2512 703 2517 y

162 2528 359 2587 Factiautem
370 2523 582 2599 minitatione,
606 2523 653 2582 vei
669 2518 806 2587 oretenus
820 2523 867 2582 vei
880 2522 1000 2583 realiter
1018 2540 1071 2603 per
1084 2514 1131 2584 id·

120 2610 353 2673 ¹carcerationem
371 2610 431 2679 rei,
448 2609 496 2667 vel
508 2626 561 2684 per
573 2607 723 2681 edietum,
747 2607 771 2666 si
795 2626 863 2667 reus
883 2608 1009 2686 ingerit,
1026 2627 1058 2669 ac
1080 2609 1132 2670 lite

122 2698 164 2756 sic
174 2695 333 2755 contestata
343 2692 434 2773 (quod
449 2690 528 2750 certe
540 2699 583 2750 est
592 2692 785 2750 necessarium
797 2691 833 2751 ad
846 2693 1001 2752 essentiam
1014 2712 1132 2770 proces-

123 2779 183 2857 sirs)
202 2776 312 2840 iterdm
330 2776 482 2856 repetendi
502 2783 571 2836 sunt
599 2785 685 2834 testes
708 2794 776 2834 cum
794 2774 984 2852 juramento,
1011 2786 1131 2856 excepto

124 2883 215 2935 casu,
240 2882 300 2940 quo
321 2862 496 2941 procedatur
515 2861 546 2919 in
572 2877 657 2920 reum
674 2861 843 2932 absentem,
867 2871 901 2921 ut
914 2871 1131 2933 contumacem3

122 2948 170 3007 vei
186 2947 211 3007 si
227 2955 335 3018 testes,
363 2946 415 3023 qui
427 2944 644 3021 deposuerant,
665 2943 794 3003 defuncti
812 2945 894 3015 sint,
921 2947 969 3016 rei
991 2944 1015 3002 si
1040 2942 1132 3017 judex

126 3032 265 3111 procedat
277 3049 314 3090 ex
328 3030 423 3090 officio
438 3073 446 3099 ,
460 3037 490 3088 et
500 3045 560 3086 non
571 3027 607 3086 ad
626 3028 795 3089 instantiam
820 3030 921 3104 partis.
935 3029 978 3086 lta
999 3042 1132 3085 conantu-

124 3118 202 3176 niter
216 3117 279 3174 DD.
297 3108 674 3194 repraesentationes.
700 3111 767 3171 licet
777 3109 867 3170 liodr.
882 3112 971 3176 Suae.
987 3108 1056 3166 Lez.
1077 3114 1130 3166 etc.

124 3193 305 3279 opudSulm.
317 3197 358 3257 ib.
374 3214 407 3257 a.
424 3198 474 3256 88.
489 3194 647 3254 teneantin
661 3196 753 3253 cerasis
766 3192 969 3268 religiosorum
988 3189 1063 3249 liano
1085 3209 1131 3248 ra·

126 3281 317 3365 titicationem
325 3300 385 3341 non
397 3280 522 3357 requiri
534 3280 568 3338 ln
581 3277 635 3336 hac
643 3285 742 3336 autem
758 3272 949 3351 ratificationc
962 3273 1053 3351 magis
1062 3292 1131 3353 ¹ore-

125 3365 256 3425 dendum
279 3370 324 3425 est
338 3364 488 3424 tabellicui
499 3406 508 3435 ,
521 3361 798 3439 qniydepositionem
812 3357 947 3436 scripsit,
961 3354 1050 3432 quam
1064 3358 1130 3435 testi

126 3451 265 3509 asserenti
287 3448 368 3508 alind
382 3447 565 3524 deposuisse,
588 3444 680 3522 qtrbm
700 3443 844 3521 scriptum
866 3449 910 3501 est
932 3461 940 3501 ε
966 3441 1006 3501 ita
1024 3441 1128 3500 Coum.
1168 3506 1171 3509 ,

128 3530 216 3594 udo.
228 3540 282 3593 etc.
293 3530 376 3613 epod
382 3528 475 3593 Soita.
485 3527 537 3591 loc.
547 3528 596 3588 cit.
607 3544 640 3588 a.
655 3529 704 3589 89..
