2620 4176
284 249 359 329 Gop.
369 251 399 310 1.
412 217 459 310 Dc
473 255 587 310 natura
599 229 726 329 sueram.
743 267 812 311 ooo.
822 246 876 332 lep.
889 251 969 315 bat.
980 255 1009 315 1.
1051 272 1058 287 ·
1097 253 1156 316 115

140 348 414 435 dignbexercenda.
424 351 506 411 ldem
520 352 713 430 probabiliter
724 352 856 414 extendit
865 355 949 413 corat.
961 356 1071 415 Toum.
1080 353 1153 416 ibid.

142 433 179 492 ad
189 434 435 506 matrimonium,
452 442 483 494 et
494 434 531 493 ad
551 445 713 497 extremam
732 437 901 496 unctionem
923 454 991 496 cum
1003 436 1035 496 S.
1051 434 1152 498 Tirone.

139 519 210 578 etS.
224 521 346 578 Bonae.
367 521 404 579 Et
415 518 495 578 idem
508 518 711 580 dicuntSuor.
731 516 801 582 titt.
819 521 923 598 lupo,
939 520 1011 579 Gon.
1032 519 1069 578 de
1090 539 1155 598 pee-

139 602 267 675 nitentia
284 602 339 680 (l),
350 611 457 679 negant
472 601 544 664 verb
558 603 595 663 de
605 602 785 663 Eucharistia
798 611 901 680 eontra
917 605 1008 682 Cojet.
1027 599 1152 664 Goazoi.

138 685 223 744 Patr.
239 686 304 745 Sot.
323 693 375 746 cte.
390 703 518 763 quorum
538 687 715 747 sententiam
735 686 825 747 etiam
846 686 1030 765 probabilem
1048 694 1153 747 uocant

135 766 233 829 Soloe.
248 767 323 830 ibid.
336 789 368 830 o.
382 771 421 830 68
732 836 734 844 s

175 853 351 914 Notandum
372 856 411 914 V.
433 855 639 927 Sacramenta,
661 856 739 915 ultra
771 855 897 933 gratiam
921 853 1150 915 mortificantem

137 938 292 1012 animam,
320 938 475 998 conserunt
495 938 585 998 etiam
607 939 733 1016 gratiam
755 939 1015 1010 sacramentalem,
1041 938 1150 998 scilicet

137 1022 249 1081 auxilia
267 1021 305 1082 ad
324 1021 520 1081 obtinendum
532 1022 642 1092 finem,
658 1022 695 1081 ad
718 1040 809 1099 quem
821 1022 974 1101 quodlibet
987 1039 1149 1082 sacramen·

136 1113 203 1166 tum
223 1106 284 1165 luit
300 1105 488 1178 institutum,
509 1108 584 1166 utS.
601 1105 703 1167 Titana.
718 1108 746 1166 5.
761 1125 795 1187 p.
809 1124 840 1184 p.
854 1107 903 1166 61.
915 1114 976 1166 ort.
996 1108 1026 1167 1.
1040 1108 1151 1166 Notan-

135 1189 212 1250 dum
225 1191 280 1249 vt.
292 1191 477 1250 Sacramenta
502 1201 663 1269 operantur
685 1208 722 1250 eor
739 1208 823 1269 opere
846 1199 988 1270 operato,
1005 1192 1036 1250 vi
1053 1190 1150 1268 operis

134 1276 254 1336 externi
268 1276 371 1346 eliciti,
382 1276 413 1336 id
425 1286 470 1337 est
482 1278 591 1337 virtute
603 1275 818 1353 conjunctionis
827 1277 929 1338 formae
939 1296 1008 1337 cum
1016 1278 1147 1348 materia,

135 1371 166 1420 ct
176 1361 385 1439 applicationis
398 1363 552 1439 utriusque
567 1360 604 1420 ad
618 1355 934 1440 suscipientemexbei
943 1362 1147 1438 institution03

135 1462 232 1522 quare
250 1455 331 1505 actus
350 1463 385 1504 cx
400 1463 484 1525 opere
499 1446 672 1526 operantis,
693 1446 755 1506 sive
772 1447 957 1524 suscipientis
982 1465 1147 1507 sacramen·

135 1539 226 1602 tum,
240 1529 311 1590 licit
326 1539 446 1590 causent
463 1539 654 1614 augmentum
666 1531 778 1608 gratiae,
792 1532 817 1591 si
830 1530 919 1591 bomo
932 1541 976 1591 cst
987 1533 1018 1591 in
1036 1534 1144 1611 gratia,

134 1632 196 1674 non
221 1624 321 1674 tamen
346 1622 464 1675 causant
487 1617 628 1694 gratiam,
647 1634 713 1693 quac
732 1613 750 1673 b
772 1626 952 1675 sacramento
976 1617 1146 1692 consortum

134 1697 207 1759 ideb
229 1696 263 1756 bi
287 1706 367 1758 octus
385 1699 579 1776 requiruntur
599 1696 734 1769 tantum,
751 1708 785 1759 ut
804 1699 1009 1778 dispositiones
1024 1701 1062 1760 ad
1081 1699 1146 1764 eile-

133 1793 221 1844 etum
235 1784 408 1844 sacramenti
420 1783 632 1862 recipiendum.
642 1785 675 1844 S.
694 1782 749 1844 Tb.
766 1786 796 1843 5.
805 1804 836 1863 p.
849 1803 901 1864 po,
915 1786 964 1845 69.
980 1793 1039 1846 ort.
1055 1789 1085 1847 8.

172 1871 261 1929 7.-
277 1868 406 1948 Quaestio
435 1886 538 1946 magna
563 1868 692 1945 agitatur
709 1868 789 1927 inter
813 1869 877 1927 DI).
905 1887 943 1926 an
965 1881 1145 1932 sacramenta

134 1961 260 2015 causent
273 1953 397 2031 gratiam
413 1952 679 2012 instrumentaliter
694 1948 814 2028 physice
821 1950 867 2009 vel
875 1952 1048 2012 moraliter?
1060 1955 1143 2016 Cant.

138 2042 256 2099 Toum.
270 2035 305 2096 dc
319 2053 396 2096 saer.
411 2054 477 2117 oop.
494 2037 524 2095 5.
538 2032 606 2096 sect.
632 2035 661 2094 ὅ.
676 2031 766 2093 eooci.
779 2036 809 2094 1.
831 2040 860 2094 et
881 2036 911 2093 5.
925 2052 991 2095 eom
1007 2037 1097 2118 Vosp.
1116 2046 1166 2099 aa

133 2125 221 2203 Laqo
235 2129 338 2181 tenent
353 2137 471 2180 causare
481 2119 644 2190 moraliter,
660 2117 690 2177 id
703 2125 747 2177 est
757 2161 766 2188 ,
776 2118 845 2195 quia
857 2126 978 2177 movent
993 2120 1088 2193 Deum
1106 2122 1143 2182 ad

132 2205 262 2281 gratiam
275 2203 395 2284 physice
404 2203 589 2265 causandam.
601 2203 687 2263 Ratio
699 2245 707 2274 ‚
718 2202 787 2280 quia
797 2203 890 2276 gratia
899 2201 936 2260 de
950 2204 1063 2278 sepelit
1074 2222 1145 2282 pro-

133 2291 205 2350 duci
218 2288 378 2349 efficienter
391 2288 408 2349 b
425 2289 488 2349 solo
506 2290 587 2360 Deo,
601 2287 673 2365 quin
696 2305 770 2366 opus
783 2287 821 2346 sit
836 2283 885 2346 bic
900 2286 1076 2346 miraculum
1092 2289 1142 2348 ad·

28 2416 30 2419 ·
133 2373 228 2444 dere,
253 2373 363 2433 scilicet
381 2371 549 2451 quadrans
569 2372 700 2433 conici-at
719 2370 907 2433 sacramentis
924 2371 961 2429 de
975 2388 1006 2430 sc
1018 2372 1142 2447 gratiam

133 2474 265 2518 causare.
277 2452 369 2516 Sciim.
378 2466 478 2516 tamea
487 2454 521 2516 dc
534 2472 659 2516 sacram.
672 2455 705 2516 io
715 2474 783 2535 peta.
793 2474 819 2516 a.
834 2458 865 2515 1.
880 2475 912 2536 p.
924 2458 954 2516 1.
972 2453 1042 2517 tot.
1059 2456 1141 2517 unic.

131 2561 163 2601 n.
190 2542 240 2600 11.
254 2556 321 2601 cum
332 2542 422 2601 Satur.
447 2535 614 2601 valtero.
634 2548 686 2600 ete.
704 2548 805 2615 tenent
823 2537 943 2599 causare
963 2540 1142 2602 instrumen-

131 2622 367 2703 taliter-physice
390 2646 399 2683 ε
424 2625 465 2684 ita
480 2632 514 2683 ut
532 2641 624 2684 causac
646 2624 704 2687 illae
726 2624 872 2684 naturales
900 2643 954 2704 per
979 2628 1142 2703 potentiam

132 2696 362 2776 obedientialem
379 2710 532 2770 eleventur
544 2708 581 2768 ad
598 2708 734 2769 ellectum
749 2712 1018 2788 supernaturalem,
1033 2722 1063 2772 et
1072 2732 1141 2790 pro·

132 2794 207 2853 bant
226 2811 263 2853 cr
282 2793 334 2853 illo
348 2812 357 2850 ε
370 2793 516 2872 Nisipuis
528 2800 649 2854 renatus
656 2790 907 2875 faeriteaeuqoo,
919 2804 972 2857 ote.
989 2798 1050 2857 ileo
1061 2798 1141 2858 enim
1242 2802 1244 2807 ’

132 2876 228 2954 magis
254 2877 337 2936 decet
356 2884 546 2936 sacramenta.
573 2877 701 2956 Utraque
723 2881 868 2939 sententia
890 2888 935 2940 est
951 2881 1021 2940 satis
1036 2881 1141 2958 proba·

132 2961 353 3058 bilis3Consule
375 2960 561 3059 scholasticos
579 2963 603 3021 si
611 2963 704 3060 plura
724 2963 830 3040 queris
844 2962 882 3024 de
892 2962 946 3024 bac
955 2965 1138 3040 quaestione,

130 3062 202 3104 rum
215 3062 279 3121 rpsa
293 3052 386 3104 nostra
410 3063 471 3105 non
491 3054 529 3104 sit
549 3056 688 3107 anstrtutr.

160 3259 193 3316 (1)
208 3277 221 3305 a
234 3259 271 3308 ta
280 3264 362 3305 rotem
371 3258 443 3305 deur
453 3266 625 3306 aeramentum
637 3259 779 3314 Paenitentia
790 3259 894 3309 validum
904 3268 929 3306 et
938 3260 1051 3317 biforme,
1071 3264 1138 3312 idest

131 3350 144 3373 .
160 3324 209 3371 aine
225 3323 376 3389 pratiatblii
391 3331 493 3382 negant3
509 3323 836 3387 aedeommuoitereteoriut
846 3326 886 3373 alii
896 3327 1021 3374 affirmant.
1037 3348 1048 3371 a
1066 3332 1136 3378 Hom.

130 3390 180 3447 Aa.
188 3389 301 3439 laeam
309 3390 436 3437 amaena.
445 3403 470 3436 a.
482 3390 506 3438 1.

928 3497 993 3546 butt.
