2610 4186
173 232 231 295 stu
422 230 488 295 lib.
503 234 532 295 6.
549 234 646 294 Trect.
663 234 691 293 2.
711 236 754 294 De
767 228 922 313 baptismo.
942 256 947 261 ·

170 338 251 394 ιιιιι
267 377 275 403 ,
290 331 359 394 cam
378 328 421 393 ιιιι
438 332 553 393 aaaron
569 327 745 393 ιιιιιιιιιιι
758 330 1035 412 carratas-,quau
1054 336 1171 414 prop-o

169 415 292 496 intelligi
311 416 399 476 debet
417 415 454 476 de
466 415 666 495 depositione,
687 416 745 493 qul
765 433 827 475 non
846 408 1011 496 puniuntur
1033 416 1092 476 nisi
1116 420 1171 481 cle·
1274 428 1275 495 ι

169 498 222 559 riei
244 506 301 559 aet
318 500 394 559 ratio
409 498 570 577 hujusesse
589 508 683 578 potest
695 500 748 579 (ait
768 498 895 579 baynel,
915 498 985 577 quia
1006 500 1073 561 talia
1087 519 1170 562 usur-
1274 502 1275 583 ξ

169 583 248 661 patio
260 582 442 661 frequentior
451 600 513 645 esse
524 583 597 644 solet
610 583 643 642 in
659 583 791 655 clericis,
807 584 896 660 quam
913 583 944 642 in
956 583 1047 644 laicis.

208 668 276 727 117.
291 699 328 712 -
347 668 403 727 «5.
415 665 489 727 Ciam
510 666 542 728 in
556 667 724 727 necesitate
741 666 891 727 confertur
907 665 1090 744 baptismus,
1111 638 1178 733 scr·⁵
1274 636 1275 697 ἓ

168 772 181 804 ι
208 749 321 811 candus
341 758 386 811 est
408 751 481 812 ordo
504 751 563 822 ita,
580 750 654 811 utsi
675 750 815 823 ndsit3et
834 767 893 810 non
913 749 1054 811 detrectet
1077 771 1169 814 sacca·

169 859 183 890 ι
206 835 277 907 dos,
291 836 338 895 vel
353 835 511 907 diaeonus,
524 834 549 895 is
559 835 690 912 reliquos
709 833 862 913 praecedat.
878 834 927 894 Sic
944 835 1025 894 enim
1049 838 1169 899 clericus
1274 844 1275 909 J

169 944 182 973 ιι
205 920 331 991 lainam,
352 920 582 992 virmulierem,
598 918 693 979 fidelis
707 918 872 989 inlidelem,
888 918 944 978 nisi
962 917 1168 982 iurtdinierior
1274 910 1275 987 Ῡ

168 1028 181 1057 ι
205 1001 311 1063 melida
330 1003 447 1062 noverit
461 1003 582 1064 modum
595 1045 604 1073 ,
616 1010 651 1062 ut
672 1003 767 1062 solent
783 1001 951 1062 obstetrices
972 1027 985 1054 ι
1001 1002 1054 1081 (Ut
1076 1001 1167 1065 Solus.

167 1086 202 1149 de
221 1086 302 1168 bapt.
321 1104 346 1147 e.
359 1089 390 1147 1.
411 1105 444 1167 p.
466 1088 496 1147 7.
520 1080 553 1147 ιι.
573 1087 622 1147 18.
646 1103 712 1145 carm
732 1083 893 1163 dioecese.)
918 1084 1029 1163 a(quao
1045 1087 1169 1166 proinde
1274 1098 1275 1107 ¹

168 1194 181 1223 ι
205 1169 394 1249 examinari,
423 1176 454 1230 et
471 1169 627 1249 approbari
653 1167 797 1228 debenti
818 1167 1017 1248 pastoribus),
1042 1169 1090 1228 vel
1115 1172 1170 1231 alia

167 1277 181 1307 ιι
201 1251 280 1331 justa
304 1271 387 1314 eausa
405 1250 462 1329 sit,
478 1262 511 1313 ut
533 1254 604 1331 quin
620 1254 719 1313 virum
738 1251 775 1311 ad
796 1252 959 1330 parientem
974 1250 1089 1329 ingredi
1111 1271 1169 1314 non
1274 1284 1275 1289 ι

166 1360 180 1389 a
204 1337 296 1397 decet.
318 1361 332 1390 ιι
350 1336 504 1415 (Pariter,
518 1345 662 1416 presente
688 1334 804 1418 tantini
818 1342 905 1416 petre
916 1378 926 1407 ,
938 1331 1063 1413 feriante
1075 1335 1171 1415 bapti-
1274 1358 1275 1397 i

165 1437 234 1479 zore
254 1418 350 1492 debet,
361 1419 435 1499 quio
455 1427 538 1479 cartre
552 1436 699 1480 acerrimam
717 1418 913 1479 amenitatem
934 1425 1052 1478 saroter-
1066 1437 1171 1501 puran·
1274 1442 1275 1453 ι

167 1502 243 1565 tibus
262 1503 422 1585 baptizare.
450 1503 539 1564 Croiae
564 1522 596 1562 aa.
618 1507 687 1564 277.
710 1521 776 1562 maan
800 1500 872 1564 Gob.
885 1503 927 1562 b't
950 1500 984 1561 in
1006 1521 1096 1577 casu,
1112 1523 1168 1584 quo
1274 1530 1275 1547 2

165 1586 347 1668 baptizandi
365 1595 438 1648 esset
460 1585 556 1668 proles
575 1581 708 1649 asoadaim
725 1587 762 1648 ab
783 1595 866 1648 utero
887 1603 1001 1667 opressa
1013 1632 1021 1660 ,
1034 1587 1116 1650 debet
1133 1588 1168 1650 eb
1274 1608 1275 1667 ι

157 1669 323 1746 ¹clarentium
337 1667 445 1731 muilier
459 1668 628 1753 baptizare,
642 1679 677 1731 ait
686 1671 755 1732 dead
769 1678 855 1731 acutat
867 1668 944 1731 idem
962 1671 1051 1732 Croie
1065 1690 1098 1732 n.
1119 1673 1165 1733 77.
1274 1692 1275 1719 ι

163 1773 229 1815 evan
244 1750 363 1832 Plotel.)
388 1779 401 1807 a
421 1754 505 1830 Quod
524 1756 550 1814 si
568 1756 659 1816 laicas
680 1755 808 1833 baptizet
824 1763 966 1832 presente
996 1755 1165 1828 sacerdote,

164 1861 179 1893 ι
202 1847 232 1899 et
252 1837 412 1900 secunddm
432 1839 574 1917 quosdam
598 1839 688 1899 etiam
717 1847 861 1917 praesente
887 1837 1032 1909 diacono,
1050 1848 1168 1899 censent

164 1948 178 1976 ιι
202 1940 263 1984 esse
276 1926 399 1984 mortale
415 1944 423 1981 ι
440 1922 507 2001 quia
534 1923 564 1982 id
585 1923 659 1984 laico
680 1921 796 1983 tantum
811 1921 951 2000 competit
965 1922 1003 1981 ob
1022 1922 1167 1983 deiectum
1274 1984 1275 1989 ,

165 2034 178 2063 ιι
201 2009 377 2080 sacerdotis,
392 2008 442 2086 qui
466 2007 529 2067 sine
547 2007 655 2085 injuria
680 2008 792 2068 ordinis
814 2016 844 2066 et
863 2008 1059 2080 sacramenti,
1079 2008 1167 2069 telem

165 2118 178 2147 ιι
202 2093 350 2154 licentiam
377 2092 447 2152 dare
478 2109 538 2151 non
556 2100 660 2169 potest.
687 2094 721 2151 ln
743 2090 885 2169 reliquis,
914 2092 1065 2168 perversio
1088 2093 1166 2152 illius

166 2205 180 2234 ιι
204 2179 315 2239 ordinis
327 2187 370 2238 est
392 2174 508 2238 rantum
528 2177 641 2238 veniale
660 2202 673 2231 ιι
697 2177 951 2255 (occasionantur
965 2178 1079 2236 Bonae.
1104 2179 1164 2238 Set.

163 2263 230 2325 Die.
245 2271 272 2324 et
287 2259 380 2326 Soim.
391 2259 462 2322 idid.
479 2279 512 2320 aa.
530 2258 573 2339 7.)
597 2286 610 2315 ι
632 2263 831 2339 Praeterquam
849 2261 874 2322 si
896 2278 994 2320 coram
1011 2260 1092 2321 fideli
1107 2259 1168 2322 bae-

164 2371 178 2402 ιι
203 2349 311 2428 relicus
335 2345 508 2416 adhibetur,
535 2344 616 2423 quod
635 2346 729 2407 voluit
750 2361 811 2404 esse
827 2344 951 2404 mortale
973 2344 1117 2424 seyme.
1135 2348 1163 2408 7.

160 2456 177 2487 ,ιι
202 2449 286 2490 aura.
304 2433 334 2491 l.
353 2433 425 2491 Gora.
1117 2462 1120 2467 ·

200 2513 301 2587 Quoad
316 2511 450 2573 ordinem
464 2512 553 2592 igitur
568 2511 744 2574 servandum
756 2512 996 2581 interministros
1008 2511 1165 2590 baptismi,
1274 2476 1275 2515 ἱ

161 2598 203 2659 sie
224 2595 350 2655 habetur
367 2597 398 2654 ln
410 2596 518 2655 llituoli
533 2614 609 2656 rom.
619 2596 654 2656 Si
667 2595 747 2657 adsit
761 2592 909 2673 sacerdos,
923 2594 1046 2656 diacono
1058 2596 1167 2675 praete·

161 2688 265 2754 rotun·
285 2678 327 2757 (et
340 2676 483 2755 parochus
507 2680 649 2741 sacerdoti
662 2722 671 2752 ,
684 2689 718 2740 ut
734 2678 927 2740 meledicunt
940 2679 1025 2739 Gont.
1054 2680 1164 2739 Tauria

161 2762 214 2826 loe.
228 2763 277 2823 eit.
293 2763 337 2822 tit.
353 2759 425 2823 solo.
440 2762 509 2824 dub.
525 2779 554 2823 u.
568 2766 668 2838 Qeoer.
684 2767 713 2824 1.
733 2772 760 2824 et
776 2765 861 2825 Cerae.
878 2772 900 2824 t.
914 2765 944 2824 8.
960 2782 993 2843 p.
1008 2765 1076 2824 171.
1091 2783 1123 2823 ιι.
1136 2766 1163 2824 5.

84 2854 88 2865 ’
161 2846 226 2908 uide
247 2845 326 2907 dieta
348 2863 432 2905 num.
452 2847 519 2906 115.
535 2847 568 2905 in
587 2847 657 2926 fia.)
671 2846 813 2908 diaconatus
825 2845 1017 2919 subdiacono,
1045 2845 1166 2908 alericus

161 2931 235 2993 laico
256 2937 285 2991 ei
312 2929 360 2990 air
380 2924 529 3009 sentiaris,
552 2930 613 2991 arisi
627 2929 751 3012 purioris
764 2935 874 3014 'pratici
895 2929 992 2992 deceat
1010 2930 1166 3011 {carniacum

158 3014 257 3099 potiris
276 3014 364 3095 pedm
377 3011 475 3074 uirum
496 3012 647 3096 baptizare
660 3013 805 3092 infantem
816 3033 877 3075 nora
892 3016 1012 3076 manisd
1035 3014 1165 3090 editum,

159 3098 205 3161 rei
222 3099 282 3161 nisi
295 3095 399 3158 melitis
416 3094 540 3176 femine
555 3097 638 3159 sciret
652 3094 781 3177 formosa
803 3108 832 3159 et
843 3097 963 3159 modum
978 3097 1163 3178 baptizandi.

162 3184 347 3264 Qaaopropter
369 3199 472 3242 curare
502 3180 582 3244 debet
602 3181 766 3262 persoluta,
794 3188 829 3242 att
851 3179 972 3261 fideles,
1001 3180 1165 3261 praesertim

159 3264 334 3340 obstetrices,
355 3271 464 3327 rectem
487 3264 660 3345 baptizandi
677 3265 770 3326 ritum
791 3265 879 3346 probi
902 3272 1035 3341 uncant,
1058 3271 1087 3323 el
1103 3280 1166 3324 scr-1
1221 3332 1225 3339 ⁸

159 3354 237 3407 serat.
250 3347 325 3409 lline
340 3348 555 3408 rationabiliter
569 3358 667 3409 censet
680 3350 787 3429 Sporer
805 3348 839 3410 in
855 3346 954 3429 sappi.
969 3342 991 3411 1.
1005 3350 1036 3406 la.
1048 3366 1081 3406 a.
1093 3350 1162 3408 190.

159 3445 225 3486 cuna
253 3424 357 3489 Gabai.
387 3429 467 3506 qudd
486 3432 605 3508 parochi
633 3440 772 3492 tenentur
796 3433 852 3491 sub
877 3432 959 3509 gravi
990 3430 1165 3490 obstetrices

160 3506 315 3582 diligenter
336 3513 518 3586 examinare,
539 3513 639 3574 utrium
666 3513 980 3577 noverintneeessaria
1005 3512 1042 3572 ad
1068 3511 1165 3590 bapti·

160 3587 285 3646 randum
298 3633 306 3661 ,
319 3590 387 3650 edm
410 3594 481 3670 ipsae
498 3596 553 3656 sub
572 3598 690 3657 mortali
707 3604 861 3659 teneantur
876 3596 1025 3659 addiscere
1040 3595 1164 3656 modum
