2620 4176
159 234 218 295 aaa
313 184 378 296 dib.
390 234 419 293 0.
437 235 534 294 Trect.
550 233 577 291 1.
590 232 634 291 De
651 230 840 293 sacramentis
850 229 881 291 iu
892 246 1005 313 pectere.

160 358 173 385 ι
198 331 313 402 timeat
334 329 446 410 integre
468 332 611 410 prolatn3.
625 338 716 400 1000,
739 330 792 389 etsi
814 329 990 409 speculative
1010 330 1164 408 probabile

161 442 174 470 ι
198 416 254 488 011,
268 417 392 477 sormam
412 433 473 475 esse
495 415 672 493 legitimam,
693 413 723 473 in
742 416 824 493 praxi
847 423 945 475 tamen
963 415 1093 475 iterando
1108 418 1166 501 erit

161 525 174 552 ιι
199 500 254 560 sub
276 501 466 572 conditione,
482 495 550 577 quia
573 499 665 557 tutius
684 495 732 557 lile
755 497 921 577 eligendum
943 506 996 574 est.
1018 523 1031 551 ι
1057 498 1166 578 (lente

159 601 276 645 sensum
294 600 474 643 caremtenam
492 577 644 657 Ecclesiae,
666 587 700 640 et
720 578 816 641 vidire
837 578 901 641 licet
922 579 955 641 t'n
976 579 1167 645 dominatione

160 684 277 748 propes.
296 670 325 728 l.
342 665 424 752 seete
444 663 482 727 ab
501 667 604 725 Iertae.
620 667 672 724 xl.
692 663 763 726 Vide
781 662 903 726 dicende
921 663 1030 742 0117.)

204 777 217 804 ιι
237 753 267 812 2.
286 753 387 811 Peecat
404 769 462 830 que
505 768 522 809 0
536 750 695 828 (graviter,
708 749 754 811 sel
771 750 874 809 leviter
887 769 940 829 pro
952 751 1093 828 gravitate
1105 771 1168 812 ma·

162 862 175 890 ι
201 834 291 912 teria)
306 839 335 897 l.
350 836 407 910 Qui
422 853 474 895 ver
495 854 511 893 a
529 831 631 894 formae
652 832 805 912 corrupte,
819 832 1018 906 inarticulata,
1030 834 1169 897 indevote

162 946 176 972 ιι
200 920 384 999 pronuntiat.
403 922 433 980 2.
455 918 512 992 Qui
530 919 705 996 materiam,
730 919 777 978 vel
797 914 943 986 sormam,
963 919 1010 978 nel
1030 937 1169 980 eaeremo-

164 1029 176 1057 ιι
201 1005 283 1077 nias,
298 1011 400 1070 centra
414 1003 546 1066 Ecclesia
563 1020 698 1075 merem,
717 1006 850 1080 quamvls
863 1000 1090 1076 accidentaliter,
1104 1004 1169 1063 sine

164 1114 176 1141 ι
201 1107 285 1154 causa
306 1096 422 1160 mutat,
441 1087 488 1147 vel
506 1087 724 1161 emitritaeon
745 1087 769 1147 si
791 1086 842 1147 fiat
863 1104 900 1147 cx
920 1094 1088 1166 contemptu
1102 1131 1110 1163 ,
1124 1094 1169 1148 est

164 1198 177 1226 ιι
201 1174 342 1246 mortale,
359 1173 384 1235 si
405 1191 442 1235 ex
464 1172 657 1253 negligentia,
677 1170 754 1250 soepe
774 1181 817 1231 est
836 1171 979 1243 mortale,
999 1171 1116 1251 quande
1134 1190 1169 1233 ea

164 1282 177 1311 ι
201 1275 306 1334 magna
324 1250 434 1329 est‚et
452 1256 484 1322 10
505 1273 538 1313 re
555 1254 647 1333 gravi.
661 1253 733 1316 Vide
751 1253 834 1334 infre
850 1273 876 1314 e.
889 1256 918 1315 l.
931 1252 961 1315 d.
974 1256 1004 1316 ὅ.

208 1366 221 1396 ιι
241 1342 272 1402 5.
294 1343 394 1402 Pereat
415 1341 562 1419 graviter,
581 1339 631 1418 qui
655 1340 803 1400 ministrat
821 1345 1034 1400 sacramentum
1050 1339 1169 1418 publiea

163 1452 174 1479 ι
202 1426 345 1503 peccatori
355 1470 363 1497 ,
375 1426 422 1485 vel
438 1425 523 1484 aliter
541 1423 680 1501 indigno,
694 1425 749 1484 nisi
763 1424 919 1502 indignitas
931 1425 1039 1484 sciatur
1051 1442 1087 1485 cx
1099 1444 1169 1486 cou-

163 1535 177 1563 ιι
201 1510 402 1581 sessione,ch
419 1508 457 1570 sit
472 1508 583 1567 occulta
603 1508 780 1586 indignitas,
796 1517 826 1567 01
844 1525 880 1566 ex
901 1508 1055 1586 negatione
1066 1526 1170 1587 seque·

164 1617 177 1645 ιι
202 1602 286 1654 retur
302 1594 440 1669 infamia,
456 1600 491 1657 ut
514 1599 593 1671 patet
612 1609 648 1652 ex
668 1591 751 1671 praxi
766 1592 915 1664 ecclesie,
929 1600 958 1652 ct
970 1592 1097 1667 Christi,
1116 1594 1169 1671 001

164 1701 177 1731 ιι
202 1674 761 1753 100011000011011010(100110οι1110
782 1685 934 1757 peccaret,
953 1677 1004 1755 001
1027 1695 1065 1738 00
1084 1677 1170 1739 daret

164 1788 177 1817 ιι
201 1760 340 1841 indiguo,
361 1761 525 1848 porrigeret
542 1760 570 1823 ci
590 1758 715 1831 hostiam
735 1780 796 1821 uon
816 1769 1033 1838 consecratam,
1050 1761 1104 1824 etsi
1119 1763 1171 1840 ,sie

164 1870 177 1897 ιι
202 1863 269 1909 cum
282 1862 317 1909 eo
328 1846 526 1920 convenissem
537 1852 587 1904 out
600 1844 651 1921 qui
663 1888 671 1914 ,
684 1863 743 1906 nen
756 1846 867 1905 audens
878 1842 998 1924 indigue
1007 1844 1169 1919 celebrare,

164 1952 177 1981 ιι
202 1928 354 1989 simularet
369 1927 505 2000 missum,
519 1928 635 1988 elevans
647 1926 771 1988 hostiam
784 1946 844 1989 nen
856 1933 1051 1988 consecratam
1061 1972 1070 2000 ,
1080 1931 1169 2007 quia,
1242 1960 1246 1968 ·
1301 1918 1302 1941 ¹

165 2036 178 2063 ι
203 2009 347 2089 qnantdm
368 2019 412 2075 est
429 2027 465 2075 ex
483 2029 532 2083 se,
548 2011 598 2071 dat
614 2012 792 2073 occasionem
812 2010 1072 2075 idololatriaellidc
1087 2014 1168 2075 Bou.

163 2119 178 2152 ιι
202 2094 233 2159 d.
247 2098 278 2161 1.
291 2114 322 2176 0.
335 2098 365 2157 d.
375 2114 407 2176 p.
420 2097 450 2156 1.
464 2097 552 2155 Suae.
569 2096 640 2156 Con.
654 2092 790 2157 0181101.

202 2181 253 2243 15.
264 2212 305 2234 .-
318 2181 412 2261 Super
430 2178 485 2243 hoe
503 2188 612 2259 puncto
629 2180 666 2239 de
683 2180 823 2257 negandis
839 2180 1028 2243 sacramentis
1045 2180 1169 2263 indigne

165 2265 250 2344 plura
268 2264 351 2326 utilia
373 2273 443 2325 sunt
463 2262 601 2327 0010000.
623 2262 786 2324 Dicendum
807 2265 832 2325 l.
852 2272 964 2323 eertum
984 2281 1068 2341 esse,
1088 2264 1170 2343 qudd

165 2348 299 2413 minister
316 2350 444 2427 graviter
459 2355 556 2426 peceat
572 2348 764 2408 ministrando
782 2355 960 2411 sacramenta
974 2348 1120 2429 indignis,
1133 2366 1170 2408 ex

165 2432 314 2491 communi
334 2450 401 2492 cum
419 2431 451 2497 S.
470 2431 525 2492 Tlt.
541 2435 571 2493 5.
584 2451 615 2513 p.
632 2451 662 2513 0.
683 2434 731 2492 80.
746 2440 805 2492 ert.
825 2434 854 2492 e.
869 2428 961 2491 Saltu.
982 2439 1019 2493 tr.
1040 2435 1069 2492 1.
1090 2451 1115 2493 0.
1136 2433 1168 2491 7.

163 2535 196 2601 p.
213 2518 243 2576 0.
257 2535 289 2575 0.
306 2517 354 2577 tu.
370 2519 456 2585 Coae.
473 2520 495 2575 l.
508 2518 537 2578 8.
551 2534 582 2596 p.
599 2518 666 2577 100.
679 2518 770 2578 Scor.
785 2519 879 2578 Herae.
897 2515 986 2576 Greia
1002 2512 1024 2575 1.
1041 2517 1071 2577 0.
1085 2536 1119 2598 p.
1137 2519 1168 2577 1.

165 2618 197 2658 a.
212 2601 260 2663 15.
275 2617 311 2660 ex
324 2599 497 2660 illatrant.
510 2603 576 2661 el.
588 2600 632 2673 Ji.
647 2604 677 2661 0.
689 2598 787 2661 Nolite
801 2598 872 2661 dere
882 2602 1022 2667 Soractem
1031 2598 1167 2662 renides.

164 2669 228 2743 lmd
246 2681 278 2751 in
297 2682 471 2765 quibusdam
488 2686 676 2744 sacramentis
697 2685 848 2757 minister,
869 2691 902 2743 ut
921 2701 952 2743 se
970 2682 1087 2744 fidelem
1108 2684 1170 2744 dis·

165 2774 348 2845 prosatorem
369 2774 504 2843 praestet,
528 2786 589 2827 non
612 2766 740 2840 suffieit,
762 2769 786 2837 si
807 2776 956 2847 petentem
977 2768 1085 2830 nesciat
1106 2786 1169 2830 csse

165 2845 341 2928 indignum,
356 2849 407 2908 sed
422 2849 548 2928 amplius
568 2861 685 2911 tenetur
702 2842 876 2930 prudentem
890 2853 1032 2911 rationem
1043 2845 1168 2931 habere,

165 2931 244 3010 qudd
263 2926 313 2993 itte
329 2932 368 2995 alt
385 2931 509 3011 dignus,
529 2931 560 2992 10
581 2944 760 2995 sacramento
777 2936 858 2994 euim
879 2935 1080 3013 paenitentiae,
1099 2934 1169 2997 edm

165 3017 196 3076 in
217 3034 252 3076 eo
269 3014 390 3078 omnind
408 3017 578 3094 requiratur
599 3018 784 3078 advolarem
806 3018 975 3105 poeriitentis
995 3016 1169 3096 dispositio,

166 3102 318 3172 minister,
337 3098 525 3178 proutjudex
538 3098 573 3160 ad
589 3101 644 3161 hoe
655 3102 846 3172 constitutus,
859 3101 946 3162 debet
960 3101 998 3161 de
1014 3119 1048 3161 ea
1063 3120 1095 3161 se
1106 3120 1170 3162 eer-

167 3194 230 3245 tum
249 3185 381 3248 reddere.
395 3186 429 3247 ln
446 3194 627 3247 sacramento
648 3185 785 3264 baptismi
805 3185 892 3245 debet
910 3185 999 3245 etiam
1018 3184 1171 3263 inquirere

164 3283 357 3342 consensum,
378 3266 596 3346 dispositionem
612 3268 788 3349 baptizandi.
804 3270 838 3328 ln
856 3276 1036 3329 sacramento
1051 3285 1171 3346 quoquo

167 3351 279 3421 ordinis
292 3351 449 3430 Episcopus
461 3350 547 3412 debet
559 3362 667 3414 certam
685 3352 794 3414 trabere
809 3353 961 3413 seientiam
974 3352 1015 3412 de
1027 3351 1171 3431 dignitato

168 3432 341 3504 ordinandi,
362 3432 661 3504 admoderamen,
682 3436 771 3515 prout
792 3434 998 3497 directum‘ud
1018 3434 1172 3514 publicum

168 3511 301 3583 bonum,
323 3531 411 3575 neme
431 3513 538 3576 habeat
556 3515 606 3591 jus
628 3518 683 3577 nisi
703 3519 754 3595 qui
776 3524 896 3577 vocatus·
913 3516 1009 3579 1000
1029 3524 1171 3595 tauquam

169 3593 263 3649 Aaron
280 3593 356 3668 (vida
368 3612 457 3676 sttper
469 3593 525 3671 alme
542 3597 664 3661 diaersde
679 3618 711 3661 a.
731 3600 803 3681 110).
815 3602 849 3660 10
866 3601 1056 3661 matrimonio
1070 3610 1171 3663 autem
