2602 4198
351 227 422 306 Cep.
438 225 525 286 2112
536 221 767 302 eotefirntntioue.
783 222 863 285 Dub.
874 226 903 284 1.
1079 226 1133 295 591

130 327 272 391 tutationis
280 326 445 408 previam,
469 327 529 404 pud
542 322 682 405 neophyti
697 330 904 403 preparentur
925 321 966 385 aet
983 325 1139 405 nneipieu·

128 411 200 475 doru
210 409 341 492 Spiritus
360 409 457 470 teneti
466 409 607 489 pretioue.
623 408 680 467 Sed
692 407 767 485 quid
783 406 926 487 signifieat
943 407 992 466 ille
1013 409 1137 477 elevatio

129 498 298 556 manuum?
318 494 486 572 Respondet
502 495 541 553 P.
555 491 641 552 Berti
656 509 721 572 cop.
741 493 771 551 6.
790 489 868 568 qudd
888 510 941 569 per
953 492 1034 555 illem
1049 512 1140 553 enere-

127 580 261 640 moniem
285 579 445 656 Episcopus
463 596 494 657 se
514 582 727 639 eommonstret
740 583 874 641 orantem
886 575 1022 641 invenere
1042 577 1136 656 Spiri-

127 672 192 725 tum
213 672 345 724 sanetum
359 681 447 741 super
463 660 691 725 confirmandus.
1068 701 1072 707 .

127 819 130 823 ¹
166 749 300 811 Alterum
320 757 505 807 momentum
535 755 579 806 est
596 747 646 805 illa
668 745 792 807 celebris
816 744 919 826 regule
936 747 974 809 eh
998 748 1137 813 omnibus

126 843 245 912 oeoepte
262 837 296 897 S.
307 833 469 915 Aupustini
484 833 528 911 (iu
546 830 597 893 tit.
612 833 644 892 1.
657 830 691 892 de
704 831 810 912 baptis.
822 852 849 893 e.
866 834 928 912 ut.)
940 834 991 894 ubi
1004 834 1132 896 dieitur:

128 919 215 997 erod
232 917 372 999 universe
397 925 473 979 tenet
488 914 634 988 Ecclesia.
653 935 705 977 nee
725 915 854 979 conciliis
871 916 1065 989 institutum,
1086 917 1136 980 eui
1187 976 1194 989 ,

125 1013 241 1085 semper
253 1010 397 1067 retentum
412 1010 471 1079 est,
485 1000 606 1063 nonnisi
618 997 777 1081 apostoliea
799 1002 970 1063 auctoritate
993 1001 1136 1064 traditum
1180 994 1185 1003 ’

126 1086 284 1150 rectissime
309 1084 447 1151 ereditur.
472 1087 505 1147 ld
530 1083 615 1164 pride
637 1085 739 1151 docuit
761 1087 793 1147 S.
827 1084 961 1149 Bneiiiue
985 1086 1085 1168 (Libro
1100 1084 1137 1148 de

125 1171 243 1252 Spiritu
258 1179 359 1231 ennete
369 1188 395 1231 e.
411 1169 474 1247 27.)
487 1170 538 1229 ubi
554 1169 629 1229 dixit
649 1169 770 1231 omnini)
791 1170 934 1230 credenda
946 1188 1010 1246 esse
1020 1169 1137 1250 deputa·

129 1265 181 1329 tn,
199 1265 227 1319 et
238 1255 394 1327 instituto,
409 1274 475 1335 quse
492 1255 526 1317 in
542 1252 672 1317 Ecclesia
695 1253 917 1334 predicantur,
939 1264 969 1316 et
987 1274 1053 1338 que
1074 1273 1136 1319 neu

126 1355 167 1403 en·
185 1338 318 1401 doctrina
343 1338 459 1418 scripto·
469 1336 589 1420 prodita
608 1340 791 1418 accepimus,
810 1336 860 1403 sed
877 1358 914 1403 eu
937 1335 1136 1420 apostolorum

129 1422 287 1487 traditione
308 1422 341 1482 iu
356 1422 516 1502 mysterio,
538 1421 632 1506 idest
651 1422 685 1483 in
707 1420 815 1485 occuito
839 1421 951 1485 traditu
968 1421 1051 1487 uubis
1069 1421 1137 1502 fut-

127 1509 199 1573 riut.
213 1511 288 1571 Hine
304 1506 378 1569 beni
398 1509 506 1586 arguit.
524 1511 608 1569 cont.
625 1512 734 1568 Touru.
751 1505 786 1566 de
801 1506 935 1586 confirm.
948 1526 1014 1589 eup-
1032 1511 1062 1570 3.
1074 1517 1134 1572 art.

126 1598 158 1659 1.
175 1593 254 1672 qued
268 1591 336 1654 edm
349 1591 386 1652 ab
398 1593 468 1670 ipsis
485 1593 590 1671 primis
608 1593 721 1655 seculis
736 1595 837 1657 unetio
853 1595 885 1653 in
904 1593 1137 1657 confirmationis
1219 1646 1225 1650 .

123 1687 308 1739 sacramento
328 1686 466 1754 usurpate
481 1678 519 1737 sit
533 1721 552 1749 ‚v
568 1686 598 1737 et
623 1676 760 1756 deinceps
784 1695 900 1756 semper
920 1686 1054 1754 retente,
1068 1677 1137 1741 licit

126 1764 279 1842 Scriptura
299 1762 411 1825 nullom
422 1761 459 1822 de
473 1762 610 1825 unctione
623 1763 804 1824 mentionem
816 1764 930 1825 iecisset
944 1807 953 1837 ‚
974 1764 1137 1827 tenendum

127 1857 172 1909 est
186 1865 223 1909 ex
234 1846 393 1911 traditione
412 1847 612 1924 apostolorum
624 1855 653 1905 et
666 1856 880 1921 consequenter
903 1866 939 1907 ex
951 1849 1136 1908 institutione

128 1931 256 2004 Christi,
283 1929 440 2014 quidhoc
465 1939 680 1993 sacramentum
697 1929 734 1993 eb
752 1929 838 1991 initio
861 1930 932 2006 ipsis
955 1933 1137 2007 temporibus

105 2018 327 2094 enormiorem
352 2016 476 2094 emperit
501 2015 627 2081 eonierri
663 2033 716 2092 per
741 2014 961 2092 impositionem
992 2031 1135 2079 manuum

124 2101 315 2179 conjunctum
334 2117 402 2160 eum
417 2098 582 2161 chrismatis
599 2100 749 2161 unctione.
1026 2164 1028 2169 ,

167 2183 253 2259 Quid
266 2194 364 2245 eutem
377 2202 493 2262 semper
505 2185 605 2247 unctio
626 2183 664 2251 eb
680 2182 767 2247 initio
788 2200 884 2261 usque
904 2201 984 2245 nuno
1005 2180 1136 2245 adhibite

128 2271 218 2333 suerit
231 2271 263 2331 in
275 2269 466 2329 Ecclesietem
476 2269 577 2331 Latine
591 2266 680 2345 quim
688 2267 917 2340 oreoueonsut
928 2286 963 2329 ex
977 2268 1136 2333 traditione

128 2364 257 2434 putrem.
270 2355 314 2415 De
331 2351 388 2412 hoe
401 2352 532 2430 primum
548 2370 609 2413 nen
629 2352 693 2417 iere
714 2351 941 2415 tundamentum
960 2349 1085 2419 hebetur
1100 2371 1137 2413 ex

126 2438 269 2517 Apostolo
280 2439 310 2497 in
321 2439 351 2499 2.
366 2439 430 2499 Cor.
441 2455 466 2501 e.
481 2437 511 2495 1.
524 2438 658 2499 nerent.
669 2438 754 2499 et22.
764 2437 814 2497 uhi
827 2435 936 2501 dieitur
946 2457 956 2495 e
968 2435 1029 2511 Qui
1038 2443 1138 2497 nutem

127 2521 285 2602 confirmet
299 2538 353 2581 uos
373 2517 521 2580 nobiseum
535 2520 568 2578 iu
593 2519 707 2583 Giert'ete
716 2565 725 2595 ,
740 2526 769 2579 et
784 2519 838 2600 qui
853 2519 944 2581 unxit
961 2538 1015 2581 uns
1034 2522 1115 2589 Deus
1124 2567 1135 2598 ,

128 2605 184 2686 qui
198 2614 225 2673 et
236 2604 366 2684 eipnueit
380 2621 453 2679 nee,
470 2611 499 2665 et
513 2600 593 2667 dedit
609 2603 719 2685 pipuus
736 2603 770 2663 iu
787 2601 921 2664 cordibus
933 2603 1051 2667 uestris.
1070 2606 1138 2666 Hem

128 2690 219 2755 serbe
236 2691 469 2766 interpretentur
497 2688 534 2753 de
557 2697 737 2747 sacramento
755 2686 987 2750 confirmationis
1008 2690 1138 2755 loannes

132 2773 372 2853 dimersurum,
385 2768 542 2847 Hilarius,
564 2780 593 2830 et
610 2768 802 2832 Theodoreus
823 2771 855 2831 in
871 2771 952 2835 hune
967 2774 1085 2847 lucum,
1105 2791 1138 2832 ne

128 2856 301 2919 Ambrosius
313 2853 363 2917 tit.
390 2853 425 2915 de
450 2853 566 2934 hirqui
589 2853 749 2918 initientur
766 2875 791 2923 e.
816 2857 846 2917 7.
869 2856 1013 2919 Proetereie
1041 2857 1135 2918 illud:

128 2939 229 3005 Nolite
240 2939 413 3007 contristere
423 2938 568 3017 Spiritum
579 2947 715 3001 sonetum
731 2934 809 3012 Dei,
823 2940 857 3000 iu
867 2959 924 3022 que
935 2939 1048 3021 siponti
1059 2940 1137 3000 eetr's.

129 3023 1139 3107 Epineeddffl.explicetdesneremeutoconfir—metionisSAupu·

127 3111 227 3174 seirius
238 3106 260 3170 i.
281 3110 330 3169 tt.
350 3106 385 3168 de
408 3109 461 3169 SS.
481 3106 566 3183 Triu.
583 3126 608 3166 e.
627 3109 676 3168 26.
693 3110 836 3167 Preeteree
852 3108 927 3166 illud
938 3109 970 3169 S.
986 3107 1138 3169 Jonteuis:

55 3256 60 3265 ,
125 3193 304 3261 ,directionem
321 3210 412 3271 quent
427 3188 576 3271 accepistis
591 3190 628 3251 ub
642 3198 804 3253 enuntient
817 3188 849 3251 iu
861 3187 952 3253 uobis.
963 3192 993 3249 1.
1004 3190 1102 3270 Epist.
1112 3209 1143 3250 e.-

130 3276 258 3351 2.)i.27.
269 3278 311 3336 sie
324 3276 548 3354 explicatores.
561 3270 824 3354 GyriiieHierosei.
836 3271 871 3332 in
880 3274 995 3336 Catenis.
1009 3277 1138 3355 &Mysi

128 3368 274 3426 Sonetuut
287 3359 341 3433 uer
354 3368 537 3439 unquentum
547 3377 609 3423 uon
623 3357 752 3440 emplius
763 3367 806 3421 eet
817 3367 998 3439 unquentum
1013 3358 1138 3430 necdum,

131 3464 225 3527 neque
244 3464 417 3516 intumuere,
441 3453 599 3525 postquem
622 3443 691 3525 jem
717 3451 916 3509 consecratum
947 3451 1007 3521 est,¹
1027 3440 1078 3507 sed
1099 3452 1142 3505 eet

132 3529 279 3610 cernisne,
294 3527 373 3609 qued
390 3526 517 3605 Christi,
538 3535 567 3591 et
581 3528 711 3609 Spiritus
728 3527 824 3589 saneti
832 3572 844 3605 ,
866 3526 953 3594 idest
974 3525 1142 3593 diuinitatis

134 3615 197 3696 epus
222 3611 414 3694 presentium
434 3609 543 3692 efficit,
563 3629 620 3693 qino
638 3611 743 3692 frons,
765 3621 794 3673 et
812 3608 868 3674 aiii
879 3630 981 3675 sensus,
999 3612 1142 3693 (loquitur
