2610 4186
329 318 990 405 Gap-I.Demc'alolrolopl.Dal.3.Art.I.
1105 324 1166 386 543

198 421 301 486 nabit.
313 424 343 485 i.
354 424 399 483 Au
408 430 528 499 peccent
540 417 669 500 graviter
678 433 824 501 parentes,
835 424 886 502 qui
899 424 1008 485 faciunt
1018 423 1165 503 baptizare

153 509 272 586 ¹prolem
283 505 300 567 d
312 505 487 584 predicante
499 505 558 579 ‚ad
576 505 727 567 evitandae
739 525 839 585 poenas
854 507 940 567 edicti
953 507 983 566 id
997 508 1164 586 praecipien-

157 591 275 652 ciselo
285 591 374 651 Graio
385 586 436 649 lib.
449 591 480 649 (l.
494 607 527 670 ρ.
540 591 569 650 I.
582 607 666 650 num.
681 591 750 651 281.
765 598 794 650 et
805 590 873 649 282.
886 591 1020 668 quamvis
1039 590 1163 653 fateatur

107 718 114 731 .
158 673 333 735 sententiam
346 671 549 741 affirmativam
564 671 720 733 tenendam
730 670 774 733 uti
790 671 922 733 absolute
933 691 1051 747 verum,
1064 681 1162 735 lamen

158 755 273 817 deinde*
286 754 373 816 affert
395 755 524 825 rationum
546 753 718 828 dubitandi,
735 755 834 815 dicens
852 754 932 834 qudd
954 774 989 816 eo
1012 775 1081 817 casu
1101 776 1161 820 non
1217 832 1220 835 ι

158 840 374 918 recognoscitur
389 836 549 916 praedicans
560 846 699 915 unquam
712 857 822 920 verus,
841 836 892 898 scd
912 836 1010 920 potids
1021 848 1162 918 tauquam

158 922 273 982 validus
293 921 452 992 minister,
471 919 562 998 lquo
583 921 750 999 exquiritur
777 922 933 999 baptizatio
954 921 991 982 od
1011 922 1161 987 vitandam

157 1005 342 1066 vexationem
352 1048 360 1076 ‚
372 1004 572 1082 permittendo
585 1004 747 1076 tudetiani,
763 1022 823 1066 nou
832 1004 901 1066 vead
919 1004 1044 1084 petendo
1056 1005 1161 1086 impias

157 1088 222 1166 ojus
244 1090 431 1150 ceremonias
450 1086 595 1150 adhiberi.
609 1089 666 1150 Sed
688 1088 810 1150 omniall
834 1088 1040 1149 affirmandum
1054 1089 1085 1151 id
1099 1107 1162 1151 esse

157 1172 299 1247 mortale,
322 1181 357 1235 ut
385 1171 492 1242 docent
509 1172 593 1234 Lero.
620 1171 654 1233 io
680 1174 800 1232 Auctor.
819 1191 849 1232 a.
877 1171 1050 1253 Baptismus
1071 1217 1079 1249 ,
1106 1173 1162 1235 Pi-

155 1263 242 1338 9aot.
265 1262 288 1317 t.
310 1259 339 1318 7.
355 1252 541 1317 conscilii.
567 1273 651 1317 ncnc.
663 1258 693 1316 2.
710 1252 829 1316 Holzaa.
846 1263 869 1315 t.
880 1254 910 1315 ἓ.
920 1274 954 1337 p.
974 1256 1023 1316 ut.
1037 1275 1069 1317 a.
1089 1259 1158 1319 153.

155 1336 354 1409 cumIIicIael.
373 1340 560 1418 Ratio‚‚quia
582 1357 637 1418 per
654 1340 732 1399 idem
745 1338 875 1398 edictum
895 1338 1160 1418 poenalede'termi·

154 1429 269 1484 naulur
286 1431 424 1502 parentes
447 1422 484 1483 ad
506 1441 610 1484 veram
631 1423 804 1501 religionem
832 1423 1094 1497 contemnendam,
1113 1424 1160 1485 vel

155 1507 316 1568 saltem-cd
337 1508 438 1568 salsam
459 1505 842 1587 honorandamllelertque
854 1505 975 1587 Placet.
990 1503 1160 1571 Clcaacntcm

161 1590 251 1651 VIII.
268 1588 331 1668 jam
351 1589 510 1651 declarasse
527 1609 587 1651 uon
615 1591 704 1652 licere
731 1599 813 1651 extro
837 1591 1036 1651 necessitatem
1064 1598 1163 1653 extre·

155 1690 253 1746 mam,
271 1693 309 1735 ne
321 1672 536 1736 ischismnticis
551 1675 671 1752 quidem
688 1681 788 1753 pctore
801 1683 994 1737 sacramenta.

194 1761 262 1821 l18.
274 1793 312 1804 -
322 1760 396 1820 ilinc
408 1757 514 1819 ultimd
528 1760 690 1820 notandum
701 1762 726 1819 I.
737 1756 817 1837 qudd
832 1760 972 1829 aeoliciti
982 1806 989 1834 ‚
1001 1779 1056 1823 uec
1065 1760 1161 1825 validd

153 1851 251 1924 potest
261 1861 392 1921 unquam
405 1843 512 1919 aliquis
528 1843 674 1920 baptizare
686 1844 813 1920 seipsum
826 1886 836 1915 ‚
847 1842 917 1909 ,eum
931 1863 1053 1921 persona
1064 1846 1162 1924 bapti·

155 1928 249 1988 euntia
264 1924 385 1988 omnind
396 1927 510 1986 diversa
520 1943 581 1985 ease
592 1926 695 1986 debeat
707 1924 723 1983 l
735 1943 858 2003 persona
869 1922 1015 2001 baptizati.
1025 1929 1068 1986 lto
1080 1947 1162 1989 com·

156 2011 288 2073 maniter
302 2013 386 2072 Colat.
403 2013 514 2070 Toum.
529 2007 563 2068 de
577 2008 657 2088 bapt.
671 2025 736 2087 cap.
750 2010 779 2068 ὅ.
793 2003 866 2068 colo.
878 2005 948 2067 dub.
966 2027 995 2072 c.
1006 2006 1106 2083 Quen.
1128 2012 1156 2070 9.

158 2096 243 2155 Cone.
255 2113 288 2175 p.
309 2087 598 2154 connumeratio·
616 2108 783 2164 munemne
806 2108 830 2150 c.
848 2091 877 2148 4.
897 2087 932 2177 de
953 2089 1033 2169 bapt.
1055 2092 1107 2152 ubi
1127 2094 1158 2156 id

154 2193 325 2255 expressum
340 2175 476 2236 habetur.
557 2181 559 2186 ’
995 2238 997 2242 ,

193 2261 363 2321 Notandum
378 2261 415 2319 ll.
433 2258 512 2337 qudd
523 2260 653 2338 graviter
668 2265 787 2336 peccant
797 2300 805 2325 ‚
816 2256 870 2335 qui
883 2273 936 2334 por
950 2255 1077 2316 multum
1091 2263 1163 2318 lem-

154 2344 236 2424 poris
261 2342 403 2404 differunt
427 2344 569 2403 insontem
599 2341 810 2421 baptizarem
836 2356 991 2401 commuue
1012 2348 1056 2398 est
1081 2340 1160 2419 apud

154 2445 257 2490 omnes
281 2445 318 2487 ex
344 2427 479 2505 pluribus
496 2426 625 2487 conciliis
648 2420 894 2504 provincialibus,
917 2441 983 2499 quae
1005 2422 1161 2487 decrevero

154 2529 262 2590 pueros
275 2509 463 2588 baptizandos
478 2509 569 2587 quim
581 2507 640 2570 citd
658 2508 722 2568 fieri
736 2514 832 2585 polest
844 2548 852 2579 ,
874 2514 904 2566 et
921 2504 952 2565 iu
963 2504 1071 2567 Rituali
1081 2525 1158 2569 rom.

68 2608 79 2625 ·
154 2595 283 2656 dicitur:
298 2593 449 2655 Pcroclaaa
465 2592 614 2668 hortetur,
626 2611 661 2652 nc
673 2591 773 2673 pueris
783 2597 998 2653 sacromentum
1010 2593 1160 2673 tantopere

153 2677 349 2739 necessariam
365 2677 492 2738 niarium
508 2677 666 2757 differatur
688 2694 755 2735 cum
776 2671 905 2756 periculo
920 2671 1036 2737 calatia
1059 2677 1160 2750 Qualis
1180 2721 1182 2726 -

154 2770 255 2822 nutem
273 2769 427 2839 reputetur
438 2761 541 2821 dilatio
563 2761 678 2840 gravis,
694 2756 809 2820 Poloaa
822 2777 856 2841 p.
869 2760 901 2819 8.
922 2777 954 2819 a.
971 2760 1000 2819 l.
1016 2778 1052 2820 cac
1067 2761 1158 2821 Scor.

153 2853 208 2905 etc.
223 2855 307 2924 putet
315 2846 486 2907 dilationem
499 2846 576 2906 ultra
588 2863 719 2906 mensem
734 2861 798 2904 csse
811 2862 930 2922 gravem
943 2889 951 2918 ,
970 2844 995 2904 si
1014 2850 1073 2906 non
1086 2845 1161 2906 adsit

152 2946 240 2988 causa
256 2950 264 2988 r
280 2930 305 2989 si
320 2927 392 2989 vead
418 2929 512 3000 adsit,
533 2947 596 2989 esse
613 2946 732 3008 gravem
752 2926 826 2989 duos
847 2947 971 2990 menses.
986 2927 1058 2987 Fere
1078 2928 1160 2987 idem

153 3012 243 3072 sentit
253 3013 359 3092 loyca.
377 3028 402 3071 o.
414 3014 444 3072 6.
455 3030 486 3071 a.
504 3014 533 3070 9.
547 3011 646 3071 dicens
659 3032 667 3068 a
682 3007 778 3071 Nullo
795 3018 893 3070 autem
906 3008 1056 3069 ordiaorc'l
1066 3025 1161 3069 ncces·

152 3096 229 3158 siloc
246 3103 352 3176 uryct,
371 3094 488 3155 tametsi
504 3113 617 3167 canum,
640 3101 695 3152 aut
714 3093 937 3170 sesquiaacaaeaa
950 3089 1160 3168 expectandum

153 3179 212 3253 ait,
231 3177 318 3239 docco
336 3178 403 3238 cum
413 3178 523 3239 decenti
537 3172 719 3236 solemnitate
732 3173 894 3251 baptis-accae
904 3171 1019 3251 crisanti
1032 3190 1085 3232 con
1100 3173 1162 3234 cmi

152 3261 266 3341 possit,
282 3278 462 3342 quamquam
478 3255 582 3320 dilatio
603 3256 724 3316 ooataisc'
734 3274 770 3316 eac
786 3255 875 3335 oravi
890 3272 980 3314 cocao
991 3253 1060 3332 fieri
1088 3254 1157 3319 edet.

155 3339 305 3404 Sclmaot.
324 3352 424 3404 autem
444 3341 480 3402 de
491 3341 570 3421 bapt.
586 3358 611 3400 o.
626 3341 655 3399 c.
663 3356 695 3418 p.
706 3339 736 3398 2.
749 3355 783 3397 a.
797 3340 846 3399 12.
856 3339 889 3397 a'a
898 3335 954 3414 fio.
969 3345 1086 3397 censent
1098 3355 1159 3400 non

155 3442 218 3486 csse
229 3428 353 3489 mortale
366 3425 463 3487 minias
479 3424 599 3486 differre
617 3421 705 3500 quiam
717 3422 794 3481 ultra
807 3422 844 3481 ti
861 3420 1052 3494 aclaudio,
1070 3421 1159 3483 etiam

154 3508 220 3568 sinc
247 3511 365 3589 urgenti
378 3508 503 3568 ratione.
526 3507 674 3568 luceiaco
693 3504 812 3576 contri,
836 3501 918 3581 juata
938 3520 1050 3563 morem
1074 3521 1162 3566 suum

156 3592 289 3655 uiolandi
305 3593 495 3653 conscientias
512 3607 605 3666 usque
630 3589 665 3651 od
678 3598 862 3659 extromum,
882 3587 952 3646 dicit
974 3587 1050 3646 ultra
1066 3605 1163 3650 unum

155 3673 204 3734 vel
219 3675 346 3738 alterum
366 3674 445 3738 diem
459 3673 604 3754 baptisma
624 3667 738 3735 differri
757 3689 818 3735 uon
831 3671 948 3734 debore.
966 3672 1161 3733 conlocantem
