2610 4186
173 312 230 373 520
423 308 486 372 tlt.
502 311 531 370 6.
550 308 647 370 Tenet.
662 312 692 371 2.
708 311 754 370 De
769 306 922 389 baptismo.

171 411 369 484 modicorum,
380 409 546 491 beneposee
560 419 685 472 matrem
693 410 784 472 incidi
795 454 803 481 ‚
816 419 846 470 et
858 410 999 472 infantem
1015 410 1176 490 baptizari,

171 498 234 556 sinc
247 505 342 555 morte
355 496 457 556 matris
468 516 476 554 ι
488 504 518 556 et
531 493 586 556 boc
606 513 672 555 casn
691 494 793 555 dieunt
806 494 885 556 licite
898 495 963 556 fieri
982 496 1153 558 incisionem
1166 541 1175 566 ‚

170 591 200 640 et
217 589 342 640 matrem
357 579 451 640 teneri
470 597 535 640 eam
547 578 626 657 pati,
639 580 663 639 si
681 587 776 638 mater
797 580 836 638 sit
855 579 996 650 robusta,
1015 591 1045 640 et
1057 579 1176 641 elliam·-

168 682 222 742 gos
240 665 353 742 peritus
369 683 377 721 a
391 672 421 724 et
441 661 498 723 hoe
520 681 588 723 casu
604 663 708 722 dieunt
727 664 790 722 nb.
806 661 885 724 licite
907 662 1079 741 chirurgum
1099 667 1176 724 inci-

168 749 282 808 sionem
307 749 422 816 tarem,
444 756 475 807 et
493 755 617 807 matrem
635 747 730 808 teneri
752 763 817 806 eam
839 747 919 825 pati,
940 748 1054 809 etiamsi
1075 747 1174 825 (Cant.

174 835 282 892 Toum.
304 831 666 911 saepenominatam
688 849 748 890 snae
769 831 883 892 mortis.
905 832 962 891 Sed
983 829 1032 893 hie
1050 833 1174 894 omninb

168 926 240 996 poto
260 917 519 996 distinguendum:
535 934 605 977 nam
621 926 755 995 respectu
768 916 804 975 ad
820 915 993 995 chirurgum
1003 961 1012 988 ‚
1022 916 1089 977 dieo
1102 927 1176 978 tune

168 1020 236 1060 cnm
257 1019 341 1079 posse
363 1001 492 1061 incidere
507 1011 658 1072 mmmm,
678 1002 703 1061 si
725 1001 888 1080 pericnlum
910 1003 1013 1062 mortis
1036 1003 1118 1064 illius
1137 1006 1176 1063 sit

167 1095 313 1145 rcnrotnm
324 1107 333 1160 3
346 1084 427 1146 scobs
443 1086 467 1144 si
487 1086 656 1165 proximum
673 1095 724 1145 aut
738 1085 888 1162 probabile
902 1106 910 1143 ι
924 1087 999 1146 aiem
1015 1087 1096 1147 enim
1114 1088 1179 1148 illi·

167 1172 258 1230 eitum
278 1178 321 1229 est
341 1170 472 1229 occidere
492 1179 634 1240 matrem,
648 1176 682 1228 ut
700 1186 774 1246 puer
792 1170 974 1246 baptizetur,
988 1178 1023 1230 ut
1042 1170 1174 1232 vidimus

167 1273 233 1313 cnm
253 1255 401 1313 communi
425 1271 461 1313 cx
482 1256 520 1313 tt.
539 1252 607 1322 Tb..
624 1255 666 1312 sic
684 1255 774 1313 etiam
794 1271 853 1313 non
874 1255 942 1313 licet
961 1263 1086 1315 matrem
1103 1273 1179 1332 pro·

167 1338 255 1398 babili
274 1338 406 1416 periculo
423 1339 527 1398 mortis
546 1355 692 1417 exponere
706 1357 714 1395 a
728 1337 808 1414 quod
824 1337 987 1415 pericnlum
1007 1355 1068 1399 non
1085 1339 1175 1400 video

166 1423 314 1499 quomodo
332 1423 419 1481 vitari
437 1423 528 1500 possit
545 1422 576 1481 in
594 1431 655 1481 tam
667 1423 750 1499 gravi
764 1422 905 1482 incisione
917 1442 926 1496 3
937 1421 1056 1481 videant
1072 1423 1172 1499 periti.

165 1507 307 1583 Ilespectn
324 1503 395 1567 verb
414 1506 536 1577 matris,
551 1523 589 1565 an
603 1505 665 1583 ipsa
675 1514 809 1566 teneatur
823 1506 1087 1584 incisionem-petit
1099 1507 1174 1567 Dico

165 1588 246 1665 qnbd
262 1590 286 1649 si
302 1590 467 1666 pericnlum
486 1587 549 1666 ejus
568 1589 673 1649 mortis
694 1590 733 1648 sit
751 1587 919 1667 probabile,
939 1589 1000 1666 ipsa
1016 1606 1070 1649 nec
1088 1598 1177 1649 tene·

165 1681 231 1743 tur,
253 1692 306 1734 acc
323 1681 418 1752 potest
432 1691 484 1733 suo
497 1673 623 1751 positivo
642 1690 784 1734 consensu
805 1673 841 1732 nd
858 1672 1028 1735 incisionem
1048 1692 1174 1733 coneur-

164 1774 247 1832 rere3
257 1756 372 1816 matrim
383 1765 496 1837 posset,
510 1765 541 1816 et
553 1765 704 1817 teneretur
716 1757 797 1816 illam
809 1757 886 1833 pati,
899 1757 925 1816 si
934 1754 1091 1835 chirurgus
1105 1758 1174 1816 sine

163 1861 217 1904 sno
236 1860 378 1903 consensu
396 1843 470 1921 (ipsa
493 1842 616 1904 omninb
636 1841 770 1921 negative
790 1859 822 1902 se
844 1840 983 1920 habente)
1004 1843 1173 1918 incideret,

164 1935 194 1987 et
209 1945 274 2006 spes
286 1927 447 2004 probabilis
467 1927 578 1987 adesset
596 1928 711 2006 prolem
730 1927 793 1988 lere
809 1926 1031 2004 baptizandam,
1045 1945 1172 1989 aemors

164 2014 267 2072 matris
279 2030 339 2073 non
357 2020 435 2072 esset
448 2021 525 2072 certe
535 2057 543 2082 ‚
554 2030 623 2072 nam
636 2013 668 2072 in
678 2011 769 2072 dubio
779 2012 920 2088 utrinque
933 2010 1076 2089 probabili
1088 2019 1172 2071 tene·

165 2106 214 2157 tur
227 2098 288 2175 ipsa
301 2100 392 2157 vitam
407 2098 590 2176 spiritualem
604 2098 694 2176 prolis
703 2097 771 2158 vitm
783 2114 843 2156 suae
855 2096 1007 2174 temporali
1020 2096 1170 2174 praeiet-re.

163 2181 193 2239 Si
213 2190 311 2242 nutem
327 2200 378 2242 sna
397 2199 477 2241 mors
496 2182 535 2242 sit
556 2191 656 2252 certo,
679 2190 710 2241 et
728 2181 806 2241 salus
827 2180 917 2258 prolis
935 2179 1045 2251 dubia,
1061 2198 1170 2258 nempe

163 2265 187 2324 si
207 2267 302 2342 proles
322 2285 383 2327 non
403 2268 442 2325 sit
464 2265 542 2326 eentd
563 2265 756 2344 baptizanda,
776 2283 836 2325 non
855 2273 972 2325 tenetur
994 2267 1056 2342 ipsa
1075 2266 1172 2328 vitam

163 2347 241 2409 carta
259 2350 394 2410 amittere
407 2348 459 2427 (l).
471 2349 564 2409 Valde
580 2358 677 2409 antem
697 2348 849 2428 probabile
867 2358 911 2408 est
929 2346 961 2408 id
974 2347 1054 2425 quod
1067 2348 1172 2411 dicunt

161 2435 249 2494 Snor.
264 2452 293 2514 q.
308 2436 356 2495 68.
372 2442 430 2494 ort.
453 2435 499 2492 ll.
518 2441 548 2493 et
558 2433 653 2495 Renzi
669 2452 699 2514 q.
717 2435 746 2494 6.
762 2452 829 2493 aare
843 2435 949 2513 Lepos.
966 2434 1037 2492 Can.
1056 2429 1127 2492 Fili.
1141 2443 1173 2493 et

162 2518 281 2597 Praep,
296 2536 404 2596 nempe
421 2516 540 2595 quidsi
560 2527 654 2578 mater
674 2518 792 2595 gravida
813 2518 852 2578 sit
869 2534 922 2594 per
937 2516 1112 2576 sententiam
1132 2517 1172 2577 ad

161 2610 288 2659 mortem
309 2601 466 2665 damnata,
488 2602 621 2678 quamvis
641 2619 677 2660 cx
694 2598 715 2661 i.
736 2604 946 2680 Proponant,
966 2598 1002 2678 ff.
1022 2597 1057 2659 de
1070 2599 1171 2679 poeraie

160 2681 264 2741 debeat
280 2683 425 2760 expectari
443 2693 558 2759 tempas
573 2685 739 2762 puerperii,
755 2693 853 2745 tamen
864 2727 873 2755 ,
886 2683 911 2742 si
925 2692 1058 2742 censetur
1073 2684 1171 2745 inians

160 2764 238 2825 certe
256 2766 425 2825 decessurus
436 2810 444 2836 ‚
457 2773 630 2844 priusquam
642 2769 795 2846 perveniat
805 2768 841 2828 ad
854 2768 967 2837 lucem,
979 2765 1058 2826 licite
1072 2775 1171 2844 potest

159 2850 249 2909 secari
261 2858 363 2910 venter
377 2852 480 2910 matris
493 2894 501 2921 ‚
517 2851 705 2928 anticipando
723 2853 899 2932 supplicium
911 2894 919 2922 ‚
929 2852 998 2927 qnia
1010 2848 1081 2910 alias
1092 2850 1173 2909 dilo-

159 2935 221 3004 tio,
245 2953 311 3014 quar
338 2935 424 2997 datur
447 2935 486 2995 ob
511 2934 622 2995 bonnm
647 2938 759 3015 prolis,
784 2947 856 2997 tunc
877 2936 994 2997 coderet
1017 2936 1050 2996 in
1074 2935 1169 3014 ipsius

158 3019 381 3081 detrimentum.

198 3101 251 3164 llic
266 3105 499 3182 operaepretium
509 3102 579 3165 duni
590 3103 730 3164 adnotare
739 3106 823 3181 plura
834 3123 901 3182 quaa
913 3103 1017 3164 scribit
1027 3102 1172 3164 Francia-

157 3186 363 3250 carantanae!
373 3186 561 3273 Conpiomiio
571 3189 668 3251 icona
677 3186 886 3270 Eotbrpoiopio
894 3208 989 3250 saera
999 3189 1043 3249 lbi
1058 3188 1132 3250 dicit
1140 3191 1168 3250 l.

185 3342 217 3399 (l)
233 3340 318 3387 Dicunt
327 3339 399 3388 badia
410 3342 510 3396 medici,
523 3340 660 3388 incisionem
671 3355 712 3387 eeu
731 3339 857 3387 rectionem
870 3354 994 3387 cesaream
1009 3338 1091 3385 metria
1108 3340 1169 3388 virae

156 3405 250 3462 qnidam
261 3420 354 3464 semper
364 3407 520 3465 periculosam
535 3421 586 3451 erae
603 3409 653 3451 vitae
665 3406 712 3457 ,ite
730 3413 807 3451 tamen
817 3414 844 3460 nt
861 3421 891 3450 ex
907 3405 983 3452 tribua
998 3404 1066 3450 seclia
1077 3413 1169 3451 matres

156 3468 207 3509 duaa
222 3469 245 3512 ln
256 3468 303 3512 vita
313 3471 402 3514 cervari
413 3471 508 3529 possint.
521 3476 560 3515 Art
568 3473 638 3516 etiarn
649 3470 775 3516 notandam
789 3486 840 3517 erae
856 3471 952 3524 «licant,
973 3468 1107 3527 hujusmodi
1125 3483 1168 3513 ae·

156 3529 237 3574 ctione
250 3531 350 3577 inianter
360 3533 464 3580 feliciter
473 3536 519 3580 rita
530 3543 555 3579 et
570 3535 686 3595 baptismo
695 3535 793 3589 donari.
809 3550 852 3581 nee
862 3568 868 3590 ,
879 3536 965 3582 emissa
975 3533 1104 3588 incisione,
1116 3546 1171 3578 ma·

160 3598 220 3632 trem
232 3590 255 3633 in
265 3592 361 3638 minori·
381 3596 433 3641 vite
445 3597 551 3656 periculo
561 3601 660 3652 versari,
678 3600 732 3644 eiam
749 3614 778 3644 en
798 3598 955 3646 communiter
973 3595 1169 3656 contingentibus

156 3648 224 3693 foetrn
234 3655 370 3701 mortuaria
381 3666 451 3706 utero
461 3661 574 3706 dissecari
583 3654 682 3722 nequeat
690 3662 778 3723 abaqrro
788 3677 870 3722 magno
879 3664 928 3708 sita
938 3661 1171 3710 inatrisdlaeritnine.

925 3762 929 3771 .
986 3728 1050 3775 lidie.
