2620 4176
143 263 144 266 ,
192 219 250 279 230
350 218 413 282 Lib.
425 221 454 279 6.
473 221 569 278 Tenet.
584 219 612 277 t.
629 218 674 276 De
684 215 876 277 sacramentis
884 213 917 273 in
925 230 1039 293 penem.

181 334 184 339 ’
229 322 334 382 Prima
346 319 491 381 sententia
503 318 662 398 probabilis
678 324 786 396 negat,
800 324 830 375 et
849 314 926 375 bane
939 323 1044 376 tonent
1054 313 1199 381 Baiiaim.

193 415 215 466 t.
230 409 260 467 2.
275 404 309 466 de
320 423 396 467 saer.
414 402 519 465 ordin.
534 422 558 464 ο.
570 405 601 463 9.
619 400 715 482 infin.
728 398 823 461 Satm.
838 399 874 462 de
897 415 1024 461 meram.
1045 402 1079 462 in
1091 420 1160 482 pen.
1173 425 1198 466 ο.

191 492 222 550 i.
238 509 272 570 ρ.
286 493 317 550 2.
333 508 366 549 n.
380 490 430 550 ts.
444 488 525 569 Lapa
548 486 644 549 eodem
658 486 705 546 tit.
718 483 749 545 d.
764 487 795 545 b.
822 504 856 545 n.
869 485 918 545 86.
934 481 1053 545 iidem.
1073 493 1146 547 tam.
1167 493 1197 551 ξ).

189 593 223 657 ρ.
238 578 268 635 ὅ.
281 595 315 636 n.
329 577 377 635 ii.
388 575 475 635 Graia
485 571 507 633 i.
522 575 549 633 6.
563 591 595 655 ρ.
610 575 641 633 2.
656 591 688 631 n.
703 572 790 631 bibi.
805 571 877 630 item
886 572 917 631 S.
932 571 1012 629 Bon.
1025 566 1160 650 ditatis,
1171 585 1200 636 at

190 658 330 721 Marinus
342 678 393 742 ap.
407 659 496 719 luen.
508 659 586 718 last.
609 653 696 717 ticeni.
712 662 733 715 t.
748 656 778 715 7.
789 672 821 735 ρ.
836 656 886 714 ii.
900 654 986 713 Ratio
1002 655 1090 715 aniea
1110 655 1197 735 bajus

190 744 341 805 sententie
358 752 403 804 est
420 743 573 803 diversitas
585 742 718 802 Ecclesiae
730 758 830 819 greeae
842 748 874 799 at
898 740 998 799 latina
1019 741 1051 800 in
1071 742 1197 803 admini-

189 827 330 889 stratione
345 829 471 890 aliorum
491 836 763 900 sacramentorum,
785 825 951 903 prasertim
973 826 1005 884 in
1020 825 1147 906 ordine3
1165 832 1197 892 iu

189 912 313 972 Eeeiesia
337 913 417 972 enim
434 930 526 991 graeca
545 911 764 990 presbyteratus
777 919 807 969 et
824 910 995 969 diaconatus
1005 909 1196 975 conseruntur

190 1013 244 1074 per
259 996 350 1056 solnm
372 1014 514 1057 manuum
539 995 757 1073 impositionem
782 1013 791 1051 s
817 994 849 1053 iu
878 994 970 1053 latina
994 993 1065 1055 verb
1089 1007 1195 1073 preter

189 1098 331 1141 nranuum
353 1081 570 1158 impositionem
585 1078 748 1157 requiritur
764 1078 883 1137 traditio
896 1095 996 1137 rerum
1007 1121 1015 1148 ‚
1028 1087 1062 1139 ut
1072 1074 1196 1144 babetur

189 1165 221 1225 in
237 1165 352 1228 decreto
374 1166 503 1247 Bapenii
517 1169 532 1226 1
537 1168 571 1226 V.
594 1165 630 1224 ad
643 1166 803 1234 damonae,
819 1164 913 1223 relato
931 1163 1008 1240 apud
1025 1165 1146 1225 Canini.
1163 1171 1193 1228 6.

187 1268 221 1331 ρ.
244 1253 274 1311 2.
291 1272 324 1312 n.
349 1254 437 1312 atus.
455 1252 506 1311 ubi
521 1251 562 1310 sie
581 1248 706 1309 babetur
728 1269 736 1307 a
758 1248 880 1309 Sextum
901 1247 1141 1329 (sacramentum)
1155 1261 1198 1314 est

188 1334 319 1414 ordinis,
338 1336 423 1418 eujus
437 1334 564 1395 materia
581 1342 624 1395 est
646 1329 741 1409 iilud,
756 1352 809 1412 per
827 1331 913 1413 eujus
923 1332 1112 1396 traditionem
1127 1356 1199 1398 ron-

188 1416 284 1496 sertnr
296 1419 384 1496 ordo‚·
397 1421 473 1481 sient
486 1419 702 1501 presbyteratus
717 1415 847 1477 traditur
861 1434 915 1494 per
926 1415 1100 1480 saliniacum
1112 1422 1193 1498 uino,

188 1510 216 1559 et
228 1512 344 1582 patenae
359 1523 425 1563 cacan
444 1521 523 1584 pane
537 1500 769 1583 porrectionem:
784 1500 957 1561 diaconatus
971 1504 1041 1563 οοοὸ
1052 1520 1106 1583 ρον
1126 1503 1196 1567 libri

186 1583 402 1668 evaaspdiornm
414 1586 561 1646 dationem
569 1610 580 1662 ‚·
596 1582 823 1646 subdiaconatus
838 1587 907 1645 oecd
921 1604 975 1665 per
993 1584 1095 1648 seinis
1109 1592 1197 1652 aneni

187 1688 252 1730 eccm
265 1681 377 1752 patena
390 1689 484 1732 vacua
496 1671 650 1751 supposita
669 1668 857 1730 traditionem
871 1678 919 1730 :et
934 1666 1071 1731 similiter
1082 1672 1117 1733 de
1126 1673 1196 1737 aliis
1246 1715 1250 1720 -

184 1772 239 1834 per
257 1773 354 1814 rerum
373 1753 413 1814 ad
424 1753 591 1813 mirtisteria
614 1772 670 1814 sua
686 1753 898 1834 pertinentium
914 1754 1155 1835 assignationem.

224 1837 357 1900 Secunda
378 1838 522 1899 sententia
535 1837 605 1899 verb
626 1838 807 1917 probabilior
826 1837 952 1898 affirmat
976 1858 1079 1901 omnes
1101 1852 1197 1903 mato·

187 1922 266 1995 rias,
283 1933 313 1983 et
326 1924 422 2003 quoad
438 1923 628 1982 substantiam
638 1922 725 1981 etiam
733 1923 841 1981 formas
850 1933 1100 1984 sacramentorum
1106 1922 1195 1987 inisse

186 2009 219 2068 in
244 2007 372 2088 speciei
396 2006 511 2068 Christo
534 2007 750 2067 determinatas.
764 2009 845 2066 Hane
864 2006 964 2065 tenent
982 2008 1107 2069 duania.
1122 2007 1146 2068 d.
1166 2031 1191 2070 ο.

189 2096 274 2153 Can-e.
288 2101 308 2151 t.
320 2095 348 2153 8.
357 2111 391 2172 p.
399 2095 448 2153 93.
458 2111 490 2151 a.
500 2094 547 2152 to.
556 2092 664 2151 dicator
672 2093 753 2150 Petr.
763 2098 785 2148 t.
797 2090 1192 2170 sputamentorum.

189 2179 273 2237 Cant.
289 2180 400 2239 Teura.
417 2173 453 2236 de
467 2193 526 2237 sac.
550 2194 615 2257 cop.
636 2177 666 2234 2.
681 2185 739 2234 ort.
756 2177 786 2235 9..
805 2183 905 2254 punct.
921 2178 951 2235 2.
973 2185 1002 2235 et
1022 2175 1080 2238 alii
1093 2175 1201 2257 piures.

186 2281 252 2322 eum
264 2264 305 2322 1).
326 2260 379 2321 Tb.
392 2262 421 2321 5.
429 2279 463 2340 ρ.
477 2279 507 2342 q.
522 2262 571 2320 60.
583 2267 642 2319 art.
659 2261 687 2319 6.
701 2259 752 2336 qui
766 2277 825 2318 non
839 2268 935 2338 potest
950 2262 1050 2339 negari
1064 2278 1128 2322 esse
1137 2281 1194 2341 pro

185 2344 239 2404 bae
254 2346 397 2404 sententia
410 2389 418 2414 ‚
432 2344 577 2422 siquidem
588 2342 662 2402 bane
676 2343 764 2402 tradit
778 2345 939 2403 rationem:
957 2343 1036 2418 Quia
1048 2348 1196 2426 arpason=

185 2428 321 2507 ctificatio
334 2426 463 2489 bominis
476 2435 520 2488 cet
532 2427 565 2486 in
576 2434 716 2508 potestate
726 2426 785 2486 Dei
796 2425 1010 2506 sanctificantis
1018 2472 1028 2502 ,
1042 2446 1105 2488 non
1123 2449 1194 2510 per·

186 2513 258 2572 tinet
276 2511 316 2571 ad
331 2510 477 2573 bominem
494 2530 547 2572 sno
554 2509 668 2593 judicio
681 2530 828 2572 assumere
841 2530 887 2572 res
903 2512 1016 2592 quibus·
1028 2514 1193 2594 sanctifice·

185 2604 251 2672 tur‚·
267 2594 317 2654 sed
334 2594 386 2656 boe
404 2595 484 2656 debet
497 2612 556 2655 esse
578 2612 615 2654 ea
633 2593 737 2654 divina
750 2595 935 2656 institutione
952 2594 1190 2660 determinatum.

183 2681 212 2740 Ε
213 2687 224 2736 t
235 2676 297 2737 idad
315 2677 348 2737 in
369 2678 560 2738 sacrosanctis
580 2695 663 2738 nance
683 2678 773 2759 lepis,
789 2678 894 2759 quibus
911 2679 1044 2740 bomiscos
1059 2682 1194 2760 sanetisi-

182 2768 290 2822 cantur
303 2759 471 2838 (seeuacdicm
486 2758 583 2820 ittnd:
601 2763 812 2824 biformitas.
829 2767 859 2822 6.
876 2762 921 2836 j.
936 2766 984 2823 ii.
996 2765 1098 2824 Abina
1108 2768 1192 2841 estio,

182 2843 351 2906 sanctificati
368 2843 458 2922 estis),
472 2844 636 2925 oportetnti
648 2846 731 2906 rebus
744 2864 780 2906 ea
792 2846 894 2907 diuina
906 2847 1090 2908 institutione
1097 2848 1192 2910 deter-

182 2925 315 2988 minatis.
331 2929 390 2989 Neo
402 2929 431 2987 S.
446 2929 554 2988 Doetor
573 2931 711 3008 explicari
729 2940 825 3008 potest
840 2931 877 2990 de
898 2932 1144 2993 determinatione
1157 2935 1192 2995 in

182 3031 318 3092 genere,
350 3031 416 3090 qaae
444 3012 536 3090 possit
566 3033 620 3091 per
645 3015 760 3074 diversa
787 3016 869 3092 signa
900 3014 1060 3093 signiensi
1076 3039 1086 3093 3
1118 3034 1192 3079 uam

182 3095 223 3158 ad
239 3099 266 3157 i.
287 3093 422 3175 expressis
451 3094 535 3156 doeet
560 3100 729 3175 oppositum
746 3143 754 3169 ‚
774 3099 873 3158 dicens
889 3120 897 3157 e
913 3098 982 3159 Etsi
995 3097 1075 3160 mem
1092 3109 1194 3182 potest

179 3201 234 3262 per
250 3180 365 3243 diversa
382 3181 468 3263 sipno
480 3181 646 3263 siqnificaci
661 3183 709 3262 (en
725 3184 820 3261 qualis
838 3191 913 3244 esset
931 3184 1138 3245 determinatio
1156 3187 1192 3247 in

178 3265 311 3344 genere),
329 3263 521 3326 determinare
535 3273 632 3326 tomen
646 3285 705 3345 qna
723 3269 807 3348 sipno
819 3268 860 3329 sit
884 3267 1025 3328 utendum
1037 3269 1086 3346 (en
1095 3269 1193 3329 deter-

180 3351 302 3410 minatio
315 3350 345 3408 in
359 3351 464 3430 speeie)
472 3395 482 3427 ,
495 3349 622 3432 pertinet
636 3350 676 3410 ad
688 3351 903 3433 sipnificantcm
911 3375 924 3429 ‚·
937 3355 1017 3413 Deus
1034 3361 1134 3414 auum
1143 3362 1194 3414 cst

180 3437 234 3511 qni
248 3434 331 3496 nobis
343 3435 492 3516 siqnifient
509 3434 691 3516 spiritualia.
885 3509 887 3513 y
914 3436 949 3507 *¹³2

216 3516 297 3574 Circa
307 3528 405 3577 autern
419 3521 617 3579 diversitatem
632 3522 765 3583 Ecclesiae
781 3542 881 3601 pascae
894 3531 923 3582 et
934 3523 1047 3597 latium,
1062 3542 1194 3603 preser-

179 3592 232 3677 tim
245 3595 290 3667 (ut
302 3597 440 3676 diximus)
467 3602 500 3660 in
523 3613 703 3665 meretricata
720 3605 832 3667 ordinis
844 3652 853 3680 ,
867 3606 1078 3684 remandetnr,
1092 3606 1193 3670 tradi·
