2610 4186
168 280 227 342 610
425 279 490 344 Lib.
503 282 533 342 6.
554 283 652 343 Troct.
666 283 750 342 6116
762 281 916 363 baptismo.

206 383 254 443 96.
267 416 304 428 -
320 380 397 444 lnlrir
415 384 545 445 dicemus
556 383 594 443 de
612 382 756 462 baptismo
771 381 926 463 11666616,
941 385 1174 468 66166166666·
1198 390 1201 395 ⁴

164 467 301 528 babiliter
313 471 380 529 cum'
390 470 422 530 S.
440 466 494 529 Tu.
509 469 539 528 5.
551 486 583 548 p.
594 485 623 549 q.
636 467 685 527 66.
699 474 758 526 orl.
773 469 803 527 6.
819 463 913 528 satm.
936 465 970 528 dc
985 467 1064 551 bapt.
1090 491 1117 533 c.
1139 477 1171 536 1.

160 569 195 631 p.
213 553 243 612 6.
271 548 340 614 666.
363 552 443 613 nnio.
463 571 496 613 6.
521 553 571 612 66.
592 559 716 630 etscqq.
736 552 914 630 61666661.
937 553 1000 613 Sat.
1029 556 1099 617 Vos.
1116 565 1171 619 etc.

163 636 220 695 init
235 635 387 697 institutus
403 643 471 697 ente
489 638 652 715 passionem
664 631 771 694 Christi
794 634 936 709 Domini,
954 644 1088 716 tempore
1110 661 1171 719 quo

164 717 296 779 Christus
315 719 475 800 baptizatus
494 729 538 780 est
557 717 710 780 6166666.
734 717 1018 795 Baptismuaautem
1035 721 1171 803 11661616

162 811 206 861 cst
219 803 345 882 perlecta
356 805 507 866 conversio
523 802 560 864 66
573 805 668 864 Deum
677 818 731 880 per
739 801 949 863 contritionem
961 849 969 874 ‚
979 807 1026 865 sel
1038 816 1170 870 amorem

163 887 216 945 Dei
234 903 322 966 super
339 889 457 961 omnia,
474 907 541 949 cum
555 895 624 949 voto
639 886 796 963 explicito,
817 886 865 946 vel
876 887 1020 964 implicito
1038 891 1101 952 veri
1118 891 1172 952 ba·

164 971 263 1046 ptismi
275 970 428 1044 fluminis,
453 971 536 1048 cujus
556 973 649 1032 vicem
668 969 782 1048 supplet
802 967 896 1046 (juxta
922 970 1005 1032 Trio.
1026 990 1097 1035 sess.
1119 977 1172 1035 ll.

163 1071 188 1112 c.
204 1052 246 1130 1.)
259 1056 355 1132 quoad
373 1057 466 1134 culpm
479 1055 700 1118 remissionom.
717 1071 777 1113 non
793 1062 894 1115 autem
912 1055 1007 1132 quoad
1022 1055 1173 1119 characte-

164 1152 229 1195 rcm
253 1137 504 1214 imprimendum,
528 1157 581 1200 nec
605 1137 702 1218 quoad
728 1136 893 1199 tollendum
914 1155 1034 1200 omnem
1054 1150 1174 1203 reatum

164 1232 257 1299 pmme
269 1242 277 1281 z
291 1221 541 1305 dicitnr-flaminio
551 1268 559 1296 ,
570 1224 638 1301 quin
648 1223 683 1282 iit
695 1223 1171 1301 666166666686161166666611,

162 1305 215 1380 qui
234 1303 343 1366 flamen
365 1318 561 1387 nuncupatur.
576 1310 621 1368 lto
646 1305 721 1369 Vivo
735 1304 769 1367 de
786 1305 867 1386 bapt.
886 1326 915 1388 6.
929 1309 959 1368 6.
970 1316 1029 1369 ort.
1043 1310 1071 1368 l.
1088 1329 1121 1371 6.
1139 1314 1169 1372 6.

162 1384 256 1450 Soim.
269 1396 308 1449 tr.
320 1392 349 1450 6.
360 1409 385 1452 6.
401 1394 430 1452 1.
442 1411 475 1472 p.
490 1393 518 1451 l.
531 1410 563 1452 6.
577 1395 607 1452 6.
625 1408 692 1452 cum
705 1392 794 1451 Suor.
812 1392 903 1471 vaso.
923 1388 990 1453 Vol.
1006 1391 1128 1455 666161.
1139 1396 1168 1456 6.

159 1489 194 1552 p.
210 1471 239 1532 l.
254 1491 285 1533 6.
300 1475 368 1535 ill.
386 1481 414 1535 ct
427 1473 508 1536 61116.
525 1476 570 1535 De
584 1474 644 1535 fide
668 1484 766 1535 nutem
785 1483 830 1534 est
850 1492 904 1552 per
920 1473 1100 1553 baptismum
1116 1476 1170 1539 fla·

163 1556 253 1616 minis
274 1556 408 1618 homines
431 1559 520 1618 ctiam
537 1552 660 1631 saivari,
682 1575 718 1618 ex
738 1575 765 1618 o.
785 1554 1000 1637 Apostolieom,
1021 1557 1057 1620 de
1069 1561 1166 1642 presb.

161 1655 222 1698 noo
237 1638 317 1721 bapt.
332 1649 361 1701 et
378 1639 460 1702 Trici.
476 1658 546 1702 sess.
561 1644 591 1702 6.
605 1660 631 1701 6.
644 1643 675 1702 i.
692 1641 748 1701 Ubi
766 1639 876 1702 dicitur
892 1642 1042 1702 nemiuem
1060 1645 1169 1709 salvari

163 1723 321 1866 pospppinc
333 1720 449 1786 lovacm
461 1724 706 1806 regenerationis,
720 1731 776 1786 out
788 1722 854 1806 ejus
869 1732 946 1790 voto.
965 1722 1037 1788 vute
1051 1726 1167 1790 Petrae.

163 1823 248 1953 pii.
268 1826 310 1939 3
327 1891 492 1972 Baptismus
511 1892 582 1954 verb
596 1890 752 1972 6669616616
761 1897 804 1952 cst
813 1891 962 1970 sanguinis
970 1889 1094 1967 cllusio,
1114 1912 1167 1958 seu
1279 1920 1283 1927 ·

162 1994 241 2037 mors
260 1977 380 2038 tolerata
404 1995 459 2056 pro
474 1976 549 2049 lide,
565 1987 617 2038 aut
636 1996 690 2055 pro
712 1976 768 2035 alia
790 1975 900 2037 virtute
927 1972 1108 2050 christiana,
1132 1987 1167 2040 ut

162 2060 267 2121 docent
278 2062 310 2123 S.
326 2060 369 2122 rt
392 2064 421 2122 6.
438 2064 469 2123 6.
484 2081 534 2143 qu.
551 2062 619 2121 161.
633 2067 692 2120 ort.
705 2057 817 2120 66166
831 2053 854 2118 l.
866 2076 891 2118 e.
903 2075 936 2117 6.
948 2061 979 2119 6.
994 2056 1164 2121 6161666.

158 2162 192 2225 p.
209 2142 879 2217 1.6.656.,6666.16666.666.616.111666666
900 2141 1063 2219 baptismus
1080 2145 1167 2221 sequi·

160 2239 281 2306 paratur
295 2248 365 2292 vcro
375 2230 540 2309 baptismo,
555 2229 625 2308 quia
638 2228 765 2307 quasiex
780 2243 869 2307 opere
880 2234 999 2304 operato
1018 2226 1055 2288 ad
1073 2228 1166 2290 instar

160 2313 297 2393 baptismi
316 2317 441 2377 remittit
464 2316 579 2393 culpam
608 2321 639 2374 et
661 2330 778 2391 poenam
800 2333 809 2371 z
831 2309 1069 2389 diuturnitati,
1094 2313 1165 2389 quin

161 2400 335 2476 martyrium
355 2417 415 2459 nou
435 2400 476 2459 ita
494 2396 594 2460 stricti
607 2403 745 2475 oporatur
756 2396 832 2455 sicut
848 2403 1027 2455 sacramenta
1042 2439 1051 2466 ,
1064 2395 1114 2455 sed
1127 2415 1165 2460 ex

159 2483 287 2558 quodam
306 2484 460 2561 privilegio
481 2484 595 2544 ratione
622 2480 795 2541 imitationis
812 2477 955 2554 passionis
974 2477 1108 2552 Christi,
1129 2492 1165 2543 ut

160 2566 262 2624 dicunt
281 2563 356 2627 ecit.
371 2567 530 2627 Suor.Sot.
547 2565 601 2645 66]Ι
625 2571 678 2625 ete.
698 2561 781 2643 opud
801 2560 891 2624 Graio
913 2579 947 2621 n.
965 2562 1035 2623 658.
1051 2570 1082 2621 et
1101 2562 1166 2626 fuse

159 2650 270 2709 Petroc.
287 2657 307 2708 t.
325 2651 343 2708 5
367 2668 391 2708 c.
403 2654 434 2710 6.
451 2667 479 2729 q.
490 2650 517 2710 5.
532 2649 602 2710 ldcb
613 2648 790 2726 martyrium
806 2645 926 2725 prodest
944 2645 1166 2707 6ιί66616166ιί-

159 2733 232 2804 bus,
246 2729 319 2793 6166
335 2734 457 2793 Ecclesia
468 2736 517 2793 SS.
535 2736 708 2794 innocentes
724 2739 814 2810 prout
823 2748 907 2789 veros
920 2739 1066 2808 martyras
1081 2730 1163 2791 colit.

160 2817 232 2875 Hinc
250 2814 324 2876 beni
344 2817 427 2877 docet
445 2817 535 2876 Snor.
546 2813 692 2877 66661116
707 2812 976 2894 opndCroixnum.
992 2815 1060 2873 657.
1071 2832 1166 2891 oppo-

158 2899 248 2959 situm
263 2900 365 2959 saltem
385 2902 584 2960 temerarium.
603 2902 637 2960 ln
653 2899 761 2958 adultis
785 2907 883 2958 autem
902 2897 1065 2974 requiritur
1084 2916 1166 2958 acco·

159 2984 251 3062 ptatio
262 2985 397 3062 martyrii
412 2985 530 3046 saltem
548 2982 738 3044 habitunilter
758 3001 795 3042 ex
807 2984 917 3042 motivo
927 2983 1162 3061 supernaturali,

160 3069 266 3130 66616.
278 3068 342 3148 661.
358 3072 535 3132 86661166.
552 3077 582 3130 ct
596 3066 686 3129 crois
695 3087 727 3128 6.
741 3068 809 3131 651.
823 3075 925 3130 contro
939 3067 1014 3129 Viuo
1024 3083 1055 3127 6.
1071 3067 1100 3126 5.
1111 3069 1165 3145 qui

159 3154 271 3214 nullam
285 3154 413 3231 requirit
429 3155 669 3233 acceptationem.

197 3238 280 3297 Patet
294 3247 393 3299 autem
409 3238 586 3317 martyrium
597 3255 657 3298 uon
673 3253 735 3296 esse
757 3242 972 3296 sacramentum
984 3276 994 3307 ,
1008 3234 1078 3314 quia
1090 3252 1166 3295 mar·

158 3321 270 3398 tyrium
292 3331 411 3383 nonest
427 3323 503 3383 actio
526 3322 660 3383 instituta
677 3320 695 3382 6
712 3318 851 3399 Christo,
868 3329 898 3380 et
917 3317 983 3381 ideb
1002 3337 1056 3378 nec
1074 3320 1166 3380 otiam

157 3404 215 3462 fuit
232 3417 446 3466 sacramentum
465 3407 626 3484 baptismus
644 3405 790 3475 Ioannis,
817 3402 946 3482 quinon
967 3401 1175 3463 sanctificabat

158 3481 397 3628 pominempscd
407 3486 523 3551 tantum
539 3488 722 3570 preparabat
734 3487 772 3549 ad
780 3485 888 3549 Christi
898 3486 1068 3548 adventum.
1089 3483 1167 3546 Viuo

176 3581 216 3620 ·G·
226 3583 310 3626 mtm.
342 3610 351 3629 0

198 3644 246 3703 66.
270 3678 302 3692 -
315 3652 463 3724 Quaeritn·
478 3665 576 3718 tamon
588 3657 637 3720 hlc
650 3660 675 3719 l.
688 3659 755 3734 Au,
779 3666 814 3719 ut
832 3656 1010 3743 martyrium
1032 3653 1169 3717 remittet
