2620 4176
334 150 406 232 Cep.
424 150 454 210 5.
469 148 515 210 De
525 148 619 228 officio
632 157 829 212 eorotormm.
844 153 964 215 11444.
1094 160 1152 221 tro

162 260 220 326 44,
232 256 259 315 41
273 245 457 330 spirituales,
470 266 533 310 eon
547 245 657 317 tatem
671 267 822 331 rancorem
834 268 885 313 444
900 252 999 315 odium
1011 254 1151 321 44444444

160 334 237 399 ilion
244 333 409 410 subditum,
427 340 496 395 tneo
512 328 590 395 114444
597 340 693 415 potest
704 333 757 395 boe
769 332 944 398 denuntiare
954 338 1012 399 eibi
1022 363 1032 399 .-
1043 349 1070 400 et
1081 349 1150 404 1444

160 437 214 481 ooo
228 416 297 480 didit
308 414 545 560 Emlesioe,dpuin
555 433 617 476 444
629 415 658 477 ei
672 416 748 479 sient
760 415 908 498 prelato,
927 420 1062 483 oedsieret
1083 441 1150 503 perr·

160 520 230 565 4444
247 497 412 583 proficienti
437 519 457 560 4
501 499 705 568 correctionem
728 501 866 583 proximi
889 512 919 564 et
933 504 1094 567 44444444.
1113 509 1152 568 Et

159 583 236 663 pruld
245 580 311 663 pbst
324 581 493 663 subjungit:
504 579 575 643 1444
588 581 742 645 tenendum
754 593 795 645 441
808 584 861 647 boe
869 604 926 667 pro
939 584 1060 668 requio,
1073 586 1155 668 qodd

158 668 188 737 ie
197 665 325 729 omnibus
335 666 404 728 istis
418 683 531 747 semper
541 665 687 728 44444444
700 675 743 728 est
758 664 907 740 ebaritas,
920 677 949 730 et
962 669 1041 750 qood
1048 667 1153 732 4441144

156 760 183 814 et
200 751 289 833 444444
301 748 438 834 expedire
454 750 579 813 videtur.
592 753 634 811 Et
650 752 678 812 41
698 750 751 812 boo
763 752 916 824 intendat,
936 752 1043 815 seilicet
1061 773 1154 816 emen·

154 834 218 895 dom
227 830 377 915 proximi,
392 843 485 899 seruet
496 834 643 915 quantine
657 844 753 916 potest
766 835 873 897 444444
889 836 1063 911 ctoritate,
1084 846 1154 899 tune

152 914 348 981 4444444444
363 925 546 1001 moverent.
560 918 641 979 Idem
656 919 741 981 docet
752 920 783 979 S.
796 922 913 980 Bonae.
927 922 959 982 in
969 921 1043 981 illud
1058 922 1089 981 S.
1097 922 1153 983 Ln-

151 999 654 1082 4448144444444,414.4.17.4.
674 1004 702 1062 5.
724 1011 753 1063 41
775 1003 815 1062 itu
832 1002 935 1064 dicunt
957 1003 1063 1065 844414.
1080 1006 1152 1065 Dee.

150 1078 172 1143 1.
192 1078 257 1144 (te.
275 1087 324 1149 18.
339 1104 372 1145 n.
387 1086 435 1146 46.
457 1102 523 1145 eum
542 1087 576 1145 S.
597 1084 844 1146 4414414044.
867 1084 1004 1148 Abolens.
1027 1083 1152 1149 Sotmer.

145 1166 299 1249 444414.
320 1166 532 1230 4441441444.
546 1167 624 1249 Aop.
649 1163 798 1232 Woldens.
809 1167 927 1230 Armill.
944 1168 1041 1249 Groff.
1056 1171 1150 1251 drop.

143 1246 280 1321 Moneri.
296 1248 462 1313 Pttttarrt.
475 1259 526 1311 etc.
539 1269 574 1311 44
591 1253 695 1332 Lepon.
710 1249 732 1311 1.
747 1251 778 1312 5.
794 1258 833 1312 tr.
853 1253 883 1312 5.
900 1270 932 1335 p.
944 1255 976 1315 2.
987 1273 1012 1315 o.
1023 1255 1054 1316 4.
1066 1272 1151 1317 num.

144 1334 174 1395 4.
189 1352 256 1396 rum
263 1335 327 1402 Sot.
338 1337 432 1396 Henr.
445 1330 516 1395 Pol.
530 1336 648 1396 Novar.

179 1416 250 1478 444.
264 1448 305 1462 -
316 1418 413 1491 Quaer.
426 1419 465 1478 11.
478 1419 539 1489 dn,
555 1418 580 1476 si
596 1433 664 1478 rens
680 1416 718 1479 sit
734 1416 923 1494 emendatus,
936 1422 1028 1500 possit
1038 1422 1151 1485 crimen

141 1502 264 1584 prelato
280 1501 472 1563 denuntiari?
492 1501 649 1563 Affirmant
661 1500 789 1583 Ampelos
805 1522 834 1563 4.
848 1506 1042 1568 Renuntiatio
1050 1527 1083 1568 n.
1097 1511 1148 1570 10.

142 1585 234 1650 Geor.
250 1584 330 1648 11444.
348 1587 482 1647 anreor.
504 1582 586 1666 opud
597 1586 703 1665 noym.
714 1584 745 1647 4.
762 1606 795 1649 4.
817 1589 846 1648 t.
865 1590 934 1668 quie
951 1590 1054 1652 dicunt
1075 1611 1149 1654 sem·

139 1688 195 1749 per
210 1678 351 1748 proestere
361 1712 370 1739 ,
381 1676 416 1728 ut
429 1668 565 1748 praelntus
582 1668 654 1729 sciet
669 1670 741 1730 vitio
759 1671 956 1735 subditorum.
969 1674 1027 1734 Sed
1038 1693 1151 1754 negen-

138 1753 215 1815 dum
223 1769 293 1813 eum
308 1753 342 1813 S.
357 1751 412 1814 Tb.
426 1750 559 1827 Quotttt.
572 1753 621 1812 11.
636 1760 695 1812 ort.
715 1755 764 1815 15.
779 1755 884 1834 Lopm.
901 1755 950 1817 eit.
964 1758 1148 1820 obdormit.

138 1838 192 1898 eit.
209 1855 235 1897 e.
249 1837 298 1899 18.
313 1855 345 1897 4.
356 1838 407 1896 49.
417 1844 446 1896 41
461 1832 541 1896 attis.
555 1833 725 1899 Seoirsverd
737 1837 895 1899 dicendum
907 1840 1080 1917 (41184444.
1094 1840 1149 1920 n.)

138 1920 168 1985 ni
186 1918 313 1980 dubium
327 1921 383 1991 sit,
401 1938 440 1979 en
461 1920 551 1978 irater
571 1919 610 1978 sit
626 1917 713 1997 plene
728 1920 919 1994 emendatus,
935 1924 982 1982 441
1003 1939 1042 1982 en
1058 1924 1149 1984 troter

138 2003 183 2063 sit
203 2002 236 2062 in
252 2002 393 2081 probabili
411 2003 541 2080 periculo
554 2000 705 2060 relabendi
720 2044 728 2070 ,
742 2011 793 2061 eut
805 2020 843 2062 on
861 2001 947 2080 plone
966 2005 1085 2064 cessarit
1097 2023 1149 2083 pe·

140 2085 275 2149 rienlum
292 2085 443 2164 relapsus:
466 2086 533 2165 quie
551 2094 623 2146 tune
640 2082 715 2143 bene
727 2092 821 2162 potest
839 2087 951 2144 crimen
969 2087 1089 2162 prelato
1115 2098 1150 2150 ut

139 2168 222 2247 petri
238 2165 362 2245 deferri,
385 2167 454 2229 eirm
479 2167 562 2246 priris
584 2166 797 2228 consulendum
813 2166 852 2226 sit
869 2167 1012 2245 profectui
1030 2167 1148 2243 fratris,

139 2260 173 2319 et
189 2251 268 2315 bono
284 2252 456 2331 religionis,
473 2251 562 2330 qubm
583 2250 699 2314 modico
713 2249 892 2312 detrimento
904 2249 988 2311 temne
1004 2250 1093 2312 illius.

151 2394 158 2401 .
179 2337 252 2401 stt.
269 2367 309 2385 ·-
324 2338 472 2410 Quaeritur
491 2336 545 2395 111.
562 2334 658 2408 Quid,
679 2335 704 2394 si
723 2334 848 2398 dubium
867 2334 925 2423 sie,
947 2352 985 2394 un
1007 2336 1149 2399 eorrectio

142 2419 249 2482 444Ιί44
269 2418 395 2498 fietper
415 2419 587 2499 prestetum.
610 2417 657 2479 vel
680 2436 718 2477 en
740 2417 877 2495 praelatus
899 2412 1060 2495 prudenter
1080 2438 1150 2498 pro-

142 2503 248 2565 cedet?
265 2502 432 2580 Respondet
445 2500 552 2563 Saneb.
571 2499 621 2561 eit.
638 2502 725 2562 418.
741 2518 773 2559 4.
788 2501 838 2560 47.
853 2498 950 2578 quod,
963 2501 1019 2565 nisi
1037 2503 1149 2566 crimen

141 2594 239 2649 vertet
257 2585 290 2648 in
305 2586 447 2647 damnum
465 2601 640 2655 commune,
657 2584 704 2645 441
725 2583 846 2646 ulterius
863 2585 990 2664 privati,
1009 2588 1149 2666 praemitti

141 2670 229 2733 debet
241 2678 349 2731 seereta
369 2669 522 2730 eorrectio.
538 2667 594 2728 Sed
611 2662 660 2728 hir
673 2667 885 2731 advertendum
905 2669 928 2729 1.
943 2669 1028 2744 Quod
1044 2672 1075 2733 in
1093 2673 1149 2735 tu.

141 2753 194 2815 bio
202 2797 213 2831 ,
224 2751 283 2814 nisi
302 2760 414 2814 constet
426 2750 676 2841 devimprudentiu
690 2752 819 2831 prelati,
829 2752 862 2813 in
871 2753 1063 2831 religionibus
1073 2754 1149 2818 bene

141 2834 284 2897 institutis
295 2836 342 2917 (ut
351 2843 434 2896 notet
443 2840 546 2915 leym.
557 2831 606 2894 eit.
621 2853 645 2896 4.
658 2837 687 2896 4.
700 2837 770 2896 nb.
781 2854 811 2897 4.
820 2838 929 2898 Fateor
942 2839 1050 2916 tamen)
1074 2858 1149 2917 prte-

140 2919 195 2989 tati
207 2926 425 2997 presumuntur
445 2918 613 2998 prudentes.
627 2918 847 2982 Advertendum
865 2923 903 2980 li.
921 2919 952 2981 id
973 2918 1052 3000 qnod
1066 2931 1149 2983 notet

140 3000 183 3069 id.
201 3001 279 3063 14444
293 3004 418 3083 leym,
438 3019 545 3080 nempe
566 3000 646 3080 qudd
668 3004 699 3063 in
720 3005 829 3064 tutibus
849 3002 1003 3062 ordinibus
1024 3003 1149 3065 erimine

141 3084 254 3147 omutm
263 3085 389 3146 fratrum
400 3129 408 3157 ‚
419 3086 442 3145 si
454 3082 585 3146 nondbm
598 3086 750 3146 emendem
761 3085 835 3156 sint,
848 3085 897 3144 441
908 3086 1037 3166 relapsus
1046 3084 1149 3145 timeu-

140 3167 492 3245 tur‚frequentii1ssine
514 3175 624 3228 secrete
645 3168 811 3228 monitione
833 3164 940 3224 deferri
964 3173 1086 3243 possunt
1111 3166 1148 3228 44

140 3251 297 3329 prelatum
317 3258 466 3328 tamquam
508 3258 623 3311 etrem:
639 3248 706 3309 tirm
726 3250 796 3327 quie
814 3247 927 3325 prelati
945 3254 1015 3309 sunt
1034 3246 1090 3307 viri
1106 3249 1148 3327 pii

141 3340 173 3391 et
191 3332 370 3409 prudentes,
385 3334 436 3411 qui
455 3352 470 3392 4
493 3333 655 3393 monitione
671 3333 762 3407 magis
778 3328 915 3409 prodesse
930 3328 1150 3406 possunt3tt'1m

139 3413 212 3491 quin
233 3414 289 3493 ipsi
308 3413 400 3492 magis
415 3416 513 3476 idonei
530 3423 598 3474 sunt
616 3413 653 3473 44
673 3413 786 3473 crimen
805 3410 1042 3481 emendandum,
1061 3413 1149 3476 41444

140 3497 453 3578 occasionesretapsts
474 3496 648 3559 amovendos
662 3517 671 3555 z
686 3514 776 3573 nom,
792 3502 828 3558 ut
840 3491 918 3555 reetb
939 3494 1041 3555 dieunt
1057 3495 1146 3560 soor.
