2610 4186
358 228 430 310 Cap.
444 230 473 289 1.
487 229 531 288 De
548 223 832 307 stratoriabaptisni.
845 221 923 287 Dub.
938 224 970 285 1.
1108 224 1161 284 511

161 337 182 400 i.
197 337 226 397 1.
241 350 267 394 e.
280 331 328 393 tt.
346 348 378 391 a.
398 332 426 390 t.
442 348 509 391 cum
524 333 641 391 Pacoro.
654 327 765 400 Gohat,
776 335 826 387 eto.
843 328 972 405 graviter
983 345 1102 407 peccare
1117 345 1164 404 pa·

159 426 259 482 rentes
280 416 332 494 qni
353 414 505 493 negligunt
527 414 698 475 incisionem
718 412 782 471 heri
805 420 835 471 ct
856 409 1008 489 chirurgos
1028 413 1078 489 qni
1098 429 1162 470 cam

159 500 255 565 secere
276 500 497 569 omittunt,aut
508 496 661 557 diiicrunt.
681 495 827 573 additque
844 493 1003 574 parochum
1021 494 1163 555 teneriori

158 585 285 649 omnini>
306 583 488 651 curandum,
508 600 545 641 nc
565 591 659 642 mater
675 580 852 658 sepeliatur,
872 587 1029 656 antequam
1048 579 1100 637 fiat
1118 578 1163 635 in·

158 672 231 731 cisio
246 691 254 729 z
271 667 401 745 alioquin
422 673 506 743 putat
529 667 625 745 ipsum
643 683 702 724 non
721 664 853 734 excusari
872 661 910 721 ah
929 663 1161 741 irregularitate,

158 754 230 815 caim
251 749 394 831 parochus
415 756 550 810 tcnoatur
569 766 605 808 ex
625 749 720 808 officio
746 757 871 808 mortem
893 747 1049 806 infantium
1070 747 1163 821 impc-

159 839 236 898 dirc.
250 836 307 896 Sed
328 831 398 893 huic
420 851 480 893 non
501 833 671 910 acquiesco,
688 832 828 909 quoniam
851 850 886 892 eo
907 850 993 903 casu,
1012 827 1079 889 crim
1104 828 1162 885 vita

159 921 281 983 infantis
298 936 359 980 non
377 918 416 978 sit
433 926 530 986 certa,
547 935 584 976 ne
598 924 676 976 certa
694 916 814 993 quidem
830 915 893 994 ejus
910 928 954 977 est
967 933 1062 987 mors,
1071 913 1163 993 juxto

158 1004 281 1068 dicendo
304 1001 324 1063 1.
348 1002 377 1062 7.
407 1020 491 1062 aaut.
506 1001 574 1061 517.
600 1003 675 1060 item
695 1000 777 1060 addit
796 1019 821 1061 o.
846 1004 894 1061 to.
921 1000 1002 1079 qnhd
1019 1001 1045 1060 si
1080 1001 1162 1058 inre-

159 1091 243 1150 nitur
257 1088 349 1158 alius,
364 1086 418 1146 etsi
440 1104 501 1146 non
521 1084 695 1162 chirurgus,
715 1085 767 1161 qui
785 1085 917 1146 animum
937 1083 1024 1145 hahet
1037 1083 1072 1143 ad
1090 1082 1162 1142 inci-

158 1176 273 1235 sionem
288 1169 518 1251 perficiendum,
538 1169 588 1229 ille
603 1176 721 1229 tenetur
740 1187 804 1229 eam
819 1170 942 1232 efficere,
956 1170 1034 1229 Dicit
1047 1171 1085 1228 tt.
1098 1164 1159 1226 tt.

157 1278 184 1320 o.
199 1259 226 1318 6.
239 1276 270 1317 o.
285 1258 313 1316 1.
328 1255 408 1333 quod
420 1252 489 1315 etim
501 1253 598 1331 inians*
609 1271 669 1313 non
681 1261 725 1314 est
736 1254 856 1315 omninh
870 1272 1000 1333 egressus
1009 1254 1045 1314 ah
1058 1263 1160 1323 utera,

156 1342 302 1421 baptismo
316 1357 375 1407 non
392 1346 436 1398 cst
449 1337 676 1397 ministrandum
689 1336 705 1395 h
716 1337 861 1416 parocho,
876 1339 927 1398 sed
944 1339 981 1399 ah
996 1338 1159 1398 obstetrico.

157 1426 238 1486 Dicit
259 1427 311 1484 tlt.
337 1419 463 1489 maxime
488 1420 744 1481 animadvertenda
766 1441 828 1482 csse
851 1440 886 1482 eo
908 1441 995 1493 casu„
1017 1440 1083 1500 qum
1103 1422 1163 1479 sint

157 1510 241 1587 sigua
258 1507 381 1586 periculi
393 1507 426 1566 in
440 1506 558 1583 pueris,
573 1507 718 1583 nempc‘i.
730 1506 760 1565 Si
773 1525 846 1586 puer
859 1508 955 1567 oritur
968 1508 1031 1567 cine
1044 1507 1161 1584 vagitu,

157 1598 191 1653 ct
206 1594 352 1671 lacrymis.
367 1592 396 1650 1.
413 1589 444 1649 Si
464 1587 577 1651 modice
594 1590 729 1667 respiret.
743 1593 773 1650 5.
788 1591 817 1649 Si
833 1601 953 1670 apparot
968 1592 1075 1651 lividus
1088 1608 1164 1668 prae·

156 1677 262 1736 sertim
281 1676 312 1735 in
329 1675 420 1743 facie,
441 1679 493 1732 aut
511 1674 615 1751 capite.
629 1674 660 1734 1.
673 1675 704 1734 Si
723 1676 851 1735 noscitur
866 1686 929 1753 post
944 1676 1072 1736 multum
1088 1685 1163 1737 tom·

157 1762 262 1838 poris,
281 1768 331 1818 aut
348 1755 458 1818 laboris
476 1755 650 1816 obstetricis.
670 1759 699 1817 tt.
719 1758 749 1817 Si
768 1760 898 1819 noscitur
916 1769 984 1819 ante
1003 1760 1162 1838 septimum

159 1862 302 1906 mensem.
316 1844 345 1903 ti.
362 1842 392 1902 Si
409 1839 544 1900 cranium
558 1840 646 1899 habet
661 1841 746 1900 valde
759 1842 867 1911 malie,
881 1849 934 1907 aut
946 1852 1061 1904 suturas
1073 1844 1162 1904 nimis

158 1938 292 2009 apertas,
311 1936 360 1988 out
375 1927 446 1987 alias
461 1933 558 2004 partes
575 1923 742 2002 disjunctos.

197 2013 337 2088 Quamvis
358 2019 458 2070 autem
482 2027 542 2069 non
567 2008 652 2068 liceat
685 2027 811 2086 puerum
832 2010 864 2069 in
886 2009 998 2072 flumen
1020 2012 1160 2090 injicere,

158 2100 274 2161 licitum
293 2104 337 2157 ost
355 2105 454 2159 tamen
472 2094 547 2170 aqui
567 2094 655 2153 etiam
667 2094 780 2172 gelidi,
793 2094 817 2153 si
836 2094 891 2154 alia
905 2093 1005 2156 haberi
1029 2116 1088 2157 non
1101 2118 1164 2176 pos·

157 2185 216 2253 sit,
240 2198 367 2260 puerum
393 2197 464 2238 mox
480 2176 658 2238 moriturum
678 2177 841 2255 baptizare,
870 2179 983 2238 etiamsi
1007 2180 1163 2242 timeretur

156 2286 195 2328 ex
215 2265 272 2326 hoc
285 2282 363 2325 mors
379 2259 586 2333 acceleranda,
602 2269 637 2320 ut
657 2263 853 2323 communiter
863 2262 968 2322 docent
977 2264 1082 2342 haym.
1094 2285 1119 2325 c.
1131 2268 1159 2325 5.

155 2373 190 2414 n.
202 2348 301 2413 hrot.
317 2368 349 2429 p.
359 2350 387 2408 1.
402 2343 637 2408 1111181111.
650 2355 690 2407 tr.
701 2350 730 2408 1.
742 2365 768 2407 ε.
785 2350 813 2408 1.
822 2350 926 2429 pha.
937 2349 986 2407 56.
999 2346 1159 2430 cuut'Vaoq.

159 2441 229 2500 Coa.
247 2444 299 2497 etc.
318 2434 397 2495 Tium
412 2434 479 2510 quia
495 2450 575 2493 mors
594 2441 664 2492 tune
681 2450 740 2492 non
762 2434 895 2492 eveniret
908 2450 961 2510 per
978 2451 1030 2503 se,
1046 2435 1096 2495 scd
1109 2453 1161 2513 per

156 2523 290 2583 accidens
306 2562 314 2590 ‚
332 2515 401 2578 citm
416 2516 482 2577 talis
498 2516 573 2577 aetio
587 2533 641 2594 per
658 2534 689 2575 se
704 2534 763 2576 non
786 2516 887 2577 tendat
910 2517 947 2577 ad
969 2520 1160 2588 occisionem,

155 2607 208 2668 scd
225 2606 261 2665 ad
275 2603 455 2664 ablutionem
468 2598 552 2674 3thm
564 2601 631 2678 quia
641 2618 676 2660 eo
691 2619 758 2660 casu
773 2609 867 2679 potest
880 2602 987 2681 ncgligi
1008 2621 1096 2682 parva
1113 2603 1163 2666 ilio

156 2691 225 2750 ritoe
240 2687 353 2764 jactura
366 2729 374 2756 ,
388 2694 421 2745 ut
435 2684 530 2743 inians
542 2684 633 2744 vitam
653 2691 794 2744 aeternam
811 2697 1014 2764 consequatur.

194 2775 261 2833 107.
277 2803 316 2815 —-
328 2771 424 2843 Quaer.
441 2770 478 2826 11.
500 2769 545 2829 An
564 2768 658 2827 infans
681 2769 712 2829 in
730 2769 860 2847 periculo
881 2773 986 2832 mortis
1010 2774 1104 2850 possit
1117 2774 1163 2833 ha·

155 2857 260 2939 ptizari
280 2856 312 2922 ivn
328 2862 413 2913 utero
431 2850 558 2911 matris?
572 2854 692 2913 Certum
710 2863 754 2914 ost
766 2873 827 2915 nou
846 2855 943 2915 valere
961 2856 1162 2936 baptismum,

154 2944 179 3006 si
198 2940 363 3001 conseratur
390 2953 502 3013 puero,
523 2934 669 2997 abluendo
690 2955 796 3019 eorpus
818 2938 942 3011 matris,
971 2941 1039 3017 quia
1065 2941 1162 2999 intans

154 3036 200 3085 cst
217 3019 373 3103 personui
392 3028 485 3080 matre
502 3019 650 3104 distincto.
673 3020 744 3082 Vide
760 3024 792 3083 S.
816 3022 870 3083 Th.
891 3025 919 3082 5.
938 3042 971 3102 p.
990 3041 1020 3101 q.
1035 3026 1083 3083 68.
1103 3031 1161 3083 ort.

154 3112 205 3170 tt.
217 3104 310 3169 Solm.
321 3113 367 3175 ‚tr-
382 3103 431 3165 cit.
442 3122 469 3164 o,
481 3106 509 3163 t.
522 3121 556 3183 p.
577 3107 606 3165 1.
625 3123 656 3164 a.
668 3106 707 3188 h,
719 3113 748 3164 ot
762 3102 837 3165 alios
854 3105 1091 3165 comotunitertid
1109 3107 1162 3166 do·

153 3201 263 3256 centes.
286 3189 417 3249 Dubium
438 3197 504 3257 ost,
533 3205 570 3246 an
594 3185 690 3247 valido
713 3187 878 3264 baptizctur
902 3188 1014 3261 infans,
1036 3200 1165 3251 reserato

154 3276 233 3338 uteri
249 3274 324 3334 ostio
335 3316 344 3345 ‚
356 3273 411 3331 etsi
430 3272 511 3331 nulla
531 3288 599 3348 psus
614 3271 646 3329 in
659 3270 756 3330 lucem
774 3269 935 3348 prodierit,
946 3271 970 3329 si
984 3288 1038 3350 per
1052 3274 1163 3334 instru-

153 3368 289 3424 mentum
305 3375 380 3437 puer
393 3357 469 3433 aquo
485 3355 559 3434 tingi
573 3355 692 3433 possit?

192 3442 300 3503 Primo
315 3439 459 3501 scatentia
470 3448 556 3518 negot
569 3483 577 3509 ,
592 3448 622 3498 ct
638 3436 714 3503 hanc
728 3445 827 3497 tenent
841 3439 914 3497 Not.
933 3434 1015 3500 Aloe.
1033 3437 1068 3500 de
1080 3438 1159 3522 bapt.

152 3548 179 3590 e.
194 3528 224 3586 7.
238 3543 325 3606 prop.
342 3528 372 3584 1.
387 3524 421 3584 ia
439 3521 520 3603 (ine,
538 3524 623 3584 Coae.
649 3530 716 3583 tout.
738 3524 767 3582 8.
781 3540 851 3602 pag.
870 3525 937 3583 155.
952 3542 1035 3583 arata.
1051 3525 1080 3584 h.
1096 3543 1163 3585 aaut

154 3609 259 3673 Cotttit.
273 3609 439 3697 etnlttcoio.
459 3625 494 3671 aa
512 3605 593 3672 Gotti
614 3605 696 3688 apua
708 3608 738 3669 S.
759 3609 798 3668 P.
814 3605 923 3669 Braecl.
938 3609 1027 3670 XIV.
1049 3607 1083 3671 in
1105 3612 1161 3689 Op.
