<?xml version="1.0" encoding="UTF-8"?>
<!DOCTYPE html PUBLIC "-//W3C//DTD XHTML 1.0 Transitional//EN"
    "http://www.w3.org/TR/xhtml1/DTD/xhtml1-transitional.dtd">
<html xmlns="http://www.w3.org/1999/xhtml" xml:lang="en" lang="en">
 <head>
  <title>
</title>
<meta http-equiv="Content-Type" content="text/html;charset=utf-8" />
  <meta name='ocr-system' content='tesseract 3.04.00' />
  <meta name='ocr-capabilities' content='ocr_page ocr_carea ocr_par ocr_line ocrx_word'/>
</head>
<body>
  <div class='ocr_page' id='page_1' title='image "./theologiamorali02heilgoog_0242.png"; bbox 0 0 2620 4176; ppageno 0'>
   <div class='ocr_carea' id='block_1_1' title="bbox 298 228 1170 316">
    <p class='ocr_par' dir='ltr' id='par_1_1' title="bbox 298 228 1170 316">
     <span class='ocr_line' id='line_1_1' title="bbox 298 228 1170 316; baseline -0.002 -19"><span class='ocrx_word' id='word_1_1' title='bbox 298 237 374 316; x_wconf 75' lang='lat' dir='ltr'><strong>Cup·</strong></span> <span class='ocrx_word' id='word_1_2' title='bbox 390 234 421 294; x_wconf 71' lang='grc'><strong>1.</strong></span> <span class='ocrx_word' id='word_1_3' title='bbox 433 231 622 294; x_wconf 84' lang='lat' dir='ltr'><strong>Deminiatro</strong></span> <span class='ocrx_word' id='word_1_4' title='bbox 633 239 893 293; x_wconf 84' lang='lat' dir='ltr'><strong>sacramentorum.</strong></span> <span class='ocrx_word' id='word_1_5' title='bbox 908 228 986 293; x_wconf 78' lang='lat' dir='ltr'><strong>Ded.</strong></span> <span class='ocrx_word' id='word_1_6' title='bbox 1003 234 1033 293; x_wconf 99' lang='grc'><strong>1.</strong></span> <span class='ocrx_word' id='word_1_7' title='bbox 1090 264 1094 268; x_wconf 92' lang='grc'>-</span> <span class='ocrx_word' id='word_1_8' title='bbox 1111 234 1170 295; x_wconf 68' lang='grc'><strong>955</strong></span> 
     </span>
    </p>
   </div>
   <div class='ocr_carea' id='block_1_2' title="bbox 158 331 1174 1257">
    <p class='ocr_par' dir='ltr' id='par_1_2' title="bbox 158 331 1174 1257">
     <span class='ocr_line' id='line_1_2' title="bbox 159 331 1171 402; baseline -0.004 -6"><span class='ocrx_word' id='word_1_9' title='bbox 159 334 183 389; x_wconf 68' lang='grc' dir='ltr'><strong>κ’</strong></span> <span class='ocrx_word' id='word_1_10' title='bbox 202 332 320 396; x_wconf 86' lang='lat' dir='ltr'><strong>tnntdm</strong></span> <span class='ocrx_word' id='word_1_11' title='bbox 334 340 494 394; x_wconf 84' lang='lat' dir='ltr'><strong>externum·</strong></span> <span class='ocrx_word' id='word_1_12' title='bbox 508 332 593 392; x_wconf 94' lang='lat' dir='ltr'><strong>illum</strong></span> <span class='ocrx_word' id='word_1_13' title='bbox 614 340 711 392; x_wconf 91' lang='lat' dir='ltr'><strong>aetum</strong></span> <span class='ocrx_word' id='word_1_14' title='bbox 722 375 731 402; x_wconf 94' lang='lat'><strong>,</strong></span> <span class='ocrx_word' id='word_1_15' title='bbox 744 331 796 391; x_wconf 92' lang='lat' dir='ltr'><strong>sed</strong></span> <span class='ocrx_word' id='word_1_16' title='bbox 809 341 1022 391; x_wconf 87' lang='lat' dir='ltr'><strong>sacramentum</strong></span> <span class='ocrx_word' id='word_1_17' title='bbox 1033 376 1041 402; x_wconf 96' lang='lat'><strong>,</strong></span> <span class='ocrx_word' id='word_1_18' title='bbox 1054 333 1101 392; x_wconf 84' lang='lat' dir='ltr'><strong>vel</strong></span> <span class='ocrx_word' id='word_1_19' title='bbox 1114 333 1171 392; x_wconf 87' lang='lat' dir='ltr'><strong>sal-</strong></span> 
     </span>
     <span class='ocr_line' id='line_1_3' title="bbox 158 414 1171 495; baseline 0.002 -20"><span class='ocrx_word' id='word_1_20' title='bbox 158 445 176 475; x_wconf 78' lang='lat'><strong>»</strong></span> <span class='ocrx_word' id='word_1_21' title='bbox 202 420 327 493; x_wconf 83' lang='lat' dir='ltr'><strong>tamid,</strong></span> <span class='ocrx_word' id='word_1_22' title='bbox 344 416 424 495; x_wconf 90' lang='lat' dir='ltr'><strong>quod</strong></span> <span class='ocrx_word' id='word_1_23' title='bbox 434 417 503 477; x_wconf 84' lang='lat' dir='ltr'><strong>tacit</strong></span> <span class='ocrx_word' id='word_1_24' title='bbox 518 417 659 491; x_wconf 82' lang='lat' dir='ltr'><strong>Ecclesia,</strong></span> <span class='ocrx_word' id='word_1_25' title='bbox 674 417 722 476; x_wconf 85' lang='lat' dir='ltr'><strong>vel</strong></span> <span class='ocrx_word' id='word_1_26' title='bbox 738 415 817 494; x_wconf 90' lang='lat' dir='ltr'><strong>quod</strong></span> <span class='ocrx_word' id='word_1_27' title='bbox 831 414 961 476; x_wconf 84' lang='lat' dir='ltr'><strong>Christus</strong></span> <span class='ocrx_word' id='word_1_28' title='bbox 974 414 1112 474; x_wconf 86' lang='lat' dir='ltr'><strong>instituit.</strong></span> <span class='ocrx_word' id='word_1_29' title='bbox 1121 418 1171 477; x_wconf 88' lang='lat' dir='ltr'><strong>Est</strong></span> 
     </span>
     <span class='ocr_line' id='line_1_4' title="bbox 159 497 1170 565; baseline 0.001 -5"><span class='ocrx_word' id='word_1_30' title='bbox 159 529 170 560; x_wconf 75' lang='grc' dir='ltr'>ι</span> <span class='ocrx_word' id='word_1_31' title='bbox 204 502 371 565; x_wconf 91' lang='lat' dir='ltr'><strong>eommunis</strong></span> <span class='ocrx_word' id='word_1_32' title='bbox 390 520 426 561; x_wconf 87' lang='lat' dir='ltr'><strong>ex</strong></span> <span class='ocrx_word' id='word_1_33' title='bbox 451 498 534 562; x_wconf 78' lang='lat' dir='ltr'><strong>Trici.</strong></span> <span class='ocrx_word' id='word_1_34' title='bbox 557 518 627 562; x_wconf 83' lang='lat' dir='ltr'><strong>sesa.</strong></span> <span class='ocrx_word' id='word_1_35' title='bbox 651 502 681 560; x_wconf 88' lang='grc'><strong>7.</strong></span> <span class='ocrx_word' id='word_1_36' title='bbox 709 518 777 561; x_wconf 82' lang='lat' dir='ltr'><strong>con.</strong></span> <span class='ocrx_word' id='word_1_37' title='bbox 804 502 853 560; x_wconf 87' lang='lat' dir='ltr'><strong>ll.</strong></span> <span class='ocrx_word' id='word_1_38' title='bbox 877 497 912 560; x_wconf 85' lang='lat' dir='ltr'><strong>de</strong></span> <span class='ocrx_word' id='word_1_39' title='bbox 939 500 1069 560; x_wconf 86' lang='lat' dir='ltr'><strong><em>Sacram.</em></strong></span> <span class='ocrx_word' id='word_1_40' title='bbox 1086 501 1170 562; x_wconf 87' lang='lat' dir='ltr'><strong>llatio</strong></span> 
     </span>
     <span class='ocr_line' id='line_1_5' title="bbox 158 582 1170 667; baseline 0.001 -24"><span class='ocrx_word' id='word_1_41' title='bbox 158 582 182 643; x_wconf 67' lang='grc' dir='ltr'><strong>ι’</strong></span> <span class='ocrx_word' id='word_1_42' title='bbox 203 588 312 667; x_wconf 87' lang='lat' dir='ltr'><strong>prioris</strong></span> <span class='ocrx_word' id='word_1_43' title='bbox 337 585 430 664; x_wconf 89' lang='lat' dir='ltr'><strong>partis</strong></span> <span class='ocrx_word' id='word_1_44' title='bbox 454 591 519 657; x_wconf 89' lang='lat' dir='ltr'><strong>est,</strong></span> <span class='ocrx_word' id='word_1_45' title='bbox 541 587 610 662; x_wconf 90' lang='lat' dir='ltr'><strong>quia</strong></span> <span class='ocrx_word' id='word_1_46' title='bbox 637 592 817 645; x_wconf 88' lang='lat' dir='ltr'><strong>sacramenta</strong></span> <span class='ocrx_word' id='word_1_47' title='bbox 841 592 1023 662; x_wconf 76' lang='lat' dir='ltr'><strong>operantur,</strong></span> <span class='ocrx_word' id='word_1_48' title='bbox 1049 603 1110 644; x_wconf 89' lang='lat' dir='ltr'><strong>non</strong></span> <span class='ocrx_word' id='word_1_49' title='bbox 1134 603 1170 644; x_wconf 84' lang='lat' dir='ltr'><strong>ex</strong></span> 
     </span>
     <span class='ocr_line' id='line_1_6' title="bbox 161 666 1170 750; baseline -0.004 -17"><span class='ocrx_word' id='word_1_50' title='bbox 161 698 177 725; x_wconf 66' lang='grc' dir='ltr'>ι</span> <span class='ocrx_word' id='word_1_51' title='bbox 202 672 395 750; x_wconf 81' lang='lat' dir='ltr'><strong>dispositione</strong></span> <span class='ocrx_word' id='word_1_52' title='bbox 409 670 537 729; x_wconf 90' lang='lat' dir='ltr'><strong>ministri</strong></span> <span class='ocrx_word' id='word_1_53' title='bbox 551 690 560 745; x_wconf 78' lang='lat'><em>3</em></span> <span class='ocrx_word' id='word_1_54' title='bbox 576 669 626 728; x_wconf 88' lang='lat' dir='ltr'><strong>sed</strong></span> <span class='ocrx_word' id='word_1_55' title='bbox 641 669 751 729; x_wconf 88' lang='lat' dir='ltr'><strong>virtute</strong></span> <span class='ocrx_word' id='word_1_56' title='bbox 771 668 892 739; x_wconf 85' lang='lat' dir='ltr'><strong>divina,</strong></span> <span class='ocrx_word' id='word_1_57' title='bbox 911 666 1072 728; x_wconf 86' lang='lat' dir='ltr'><strong>seeunddm</strong></span> <span class='ocrx_word' id='word_1_58' title='bbox 1086 670 1170 729; x_wconf 92' lang='lat' dir='ltr'><strong>insti·</strong></span> 
     </span>
     <span class='ocr_line' id='line_1_7' title="bbox 160 751 1170 831; baseline 0.002 -20"><span class='ocrx_word' id='word_1_59' title='bbox 160 782 176 811; x_wconf 67' lang='lat' dir='ltr'><strong>a</strong></span> <span class='ocrx_word' id='word_1_60' title='bbox 202 757 368 826; x_wconf 88' lang='lat' dir='ltr'><strong>tutionem,</strong></span> <span class='ocrx_word' id='word_1_61' title='bbox 382 763 412 814; x_wconf 87' lang='lat' dir='ltr'><strong>et</strong></span> <span class='ocrx_word' id='word_1_62' title='bbox 429 754 569 812; x_wconf 88' lang='lat' dir='ltr'><strong>meritum</strong></span> <span class='ocrx_word' id='word_1_63' title='bbox 591 751 710 813; x_wconf 80' lang='lat' dir='ltr'><strong>Christi.</strong></span> <span class='ocrx_word' id='word_1_64' title='bbox 725 755 810 813; x_wconf 88' lang='lat' dir='ltr'><strong>Ratio</strong></span> <span class='ocrx_word' id='word_1_65' title='bbox 831 751 1021 831; x_wconf 89' lang='lat' dir='ltr'><strong>posterioris,</strong></span> <span class='ocrx_word' id='word_1_66' title='bbox 1044 754 1113 830; x_wconf 87' lang='lat' dir='ltr'><strong>quia</strong></span> <span class='ocrx_word' id='word_1_67' title='bbox 1133 753 1170 813; x_wconf 89' lang='lat' dir='ltr'><strong>ad</strong></span> 
     </span>
     <span class='ocr_line' id='line_1_8' title="bbox 161 837 1174 913; baseline -0.004 -12"><span class='ocrx_word' id='word_1_68' title='bbox 161 866 178 895; x_wconf 77' lang='lat' dir='ltr'><strong>a</strong></span> <span class='ocrx_word' id='word_1_69' title='bbox 203 841 415 902; x_wconf 86' lang='lat' dir='ltr'><strong>conlectionem</strong></span> <span class='ocrx_word' id='word_1_70' title='bbox 427 838 598 896; x_wconf 81' lang='lat' dir='ltr'><strong>sacramenti</strong></span> <span class='ocrx_word' id='word_1_71' title='bbox 606 837 769 913; x_wconf 87' lang='lat' dir='ltr'><strong>requiritur</strong></span> <span class='ocrx_word' id='word_1_72' title='bbox 780 838 847 896; x_wconf 92' lang='lat' dir='ltr'><strong>talis</strong></span> <span class='ocrx_word' id='word_1_73' title='bbox 856 837 1174 913; x_wconf 60' lang='lat' dir='ltr'><strong>intentio,q11aeactie</strong></span> 
     </span>
     <span class='ocr_line' id='line_1_9' title="bbox 162 921 1171 997; baseline 0 -15"><span class='ocrx_word' id='word_1_74' title='bbox 162 953 180 982; x_wconf 75' lang='grc' dir='ltr'>ι</span> <span class='ocrx_word' id='word_1_75' title='bbox 204 944 272 986; x_wconf 91' lang='lat' dir='ltr'><strong>nem</strong></span> <span class='ocrx_word' id='word_1_76' title='bbox 283 924 462 984; x_wconf 73' lang='lat' dir='ltr'><strong>determinet</strong></span> <span class='ocrx_word' id='word_1_77' title='bbox 477 921 514 981; x_wconf 84' lang='lat' dir='ltr'><strong>dd</strong></span> <span class='ocrx_word' id='word_1_78' title='bbox 530 939 592 980; x_wconf 87' lang='lat' dir='ltr'><strong>esse</strong></span> <span class='ocrx_word' id='word_1_79' title='bbox 605 923 831 992; x_wconf 74' lang='lat' dir='ltr'><strong>sacramentale,</strong></span> <span class='ocrx_word' id='word_1_80' title='bbox 847 922 987 997; x_wconf 85' lang='lat' dir='ltr'><strong>tolletque</strong></span> <span class='ocrx_word' id='word_1_81' title='bbox 1000 921 1171 982; x_wconf 82' lang='lat' dir='ltr'><strong>inditl&#39;eren·</strong></span> 
     </span>
     <span class='ocr_line' id='line_1_10' title="bbox 161 1007 1170 1081; baseline 0.001 -16"><span class='ocrx_word' id='word_1_82' title='bbox 161 1035 178 1065; x_wconf 73' lang='grc' dir='ltr'>ι</span> <span class='ocrx_word' id='word_1_83' title='bbox 203 1011 275 1069; x_wconf 91' lang='lat' dir='ltr'><strong>tiam</strong></span> <span class='ocrx_word' id='word_1_84' title='bbox 287 1007 467 1076; x_wconf 81' lang='lat' dir='ltr'><strong>uerborum,</strong></span> <span class='ocrx_word' id='word_1_85' title='bbox 486 1013 517 1065; x_wconf 84' lang='lat' dir='ltr'><strong>et</strong></span> <span class='ocrx_word' id='word_1_86' title='bbox 529 1007 697 1081; x_wconf 81' lang='lat' dir='ltr'><strong>actionum3</strong></span> <span class='ocrx_word' id='word_1_87' title='bbox 710 1007 775 1065; x_wconf 90' lang='lat' dir='ltr'><strong>talis</strong></span> <span class='ocrx_word' id='word_1_88' title='bbox 790 1015 889 1064; x_wconf 90' lang='lat' dir='ltr'><strong>autem</strong></span> <span class='ocrx_word' id='word_1_89' title='bbox 911 1024 971 1064; x_wconf 91' lang='lat' dir='ltr'><strong>non</strong></span> <span class='ocrx_word' id='word_1_90' title='bbox 986 1015 1060 1065; x_wconf 87' lang='lat' dir='ltr'><strong>esset</strong></span> <span class='ocrx_word' id='word_1_91' title='bbox 1072 1007 1170 1066; x_wconf 88' lang='lat' dir='ltr'><strong>inten-</strong></span> 
     </span>
     <span class='ocr_line' id='line_1_11' title="bbox 161 1089 1169 1169; baseline 0.002 -20"><span class='ocrx_word' id='word_1_92' title='bbox 161 1119 179 1149; x_wconf 67' lang='lat' dir='ltr'><strong>t·</strong></span> <span class='ocrx_word' id='word_1_93' title='bbox 200 1094 243 1153; x_wconf 90' lang='lat' dir='ltr'><strong>tio</strong></span> <span class='ocrx_word' id='word_1_94' title='bbox 265 1091 360 1166; x_wconf 79' lang='lat' dir='ltr'><strong>solius</strong></span> <span class='ocrx_word' id='word_1_95' title='bbox 385 1089 507 1148; x_wconf 89' lang='lat' dir='ltr'><strong>aetionis</strong></span> <span class='ocrx_word' id='word_1_96' title='bbox 528 1100 672 1162; x_wconf 83' lang='lat' dir='ltr'><strong>externae,</strong></span> <span class='ocrx_word' id='word_1_97' title='bbox 689 1107 755 1168; x_wconf 89' lang='lat' dir='ltr'><strong>qnae</strong></span> <span class='ocrx_word' id='word_1_98' title='bbox 770 1089 807 1148; x_wconf 91' lang='lat' dir='ltr'><strong>ad</strong></span> <span class='ocrx_word' id='word_1_99' title='bbox 828 1089 900 1149; x_wconf 86' lang='lat' dir='ltr'><strong>alios</strong></span> <span class='ocrx_word' id='word_1_100' title='bbox 913 1090 1005 1161; x_wconf 87' lang='lat' dir='ltr'><strong>fines,</strong></span> <span class='ocrx_word' id='word_1_101' title='bbox 1020 1107 1050 1149; x_wconf 83' lang='lat' dir='ltr'><strong>v.</strong></span> <span class='ocrx_word' id='word_1_102' title='bbox 1063 1108 1108 1169; x_wconf 79' lang='lat' dir='ltr'><strong>gr.</strong></span> <span class='ocrx_word' id='word_1_103' title='bbox 1132 1091 1169 1151; x_wconf 91' lang='lat' dir='ltr'><strong>ad</strong></span> 
     </span>
     <span class='ocr_line' id='line_1_12' title="bbox 164 1173 547 1257; baseline -0.003 -24"><span class='ocrx_word' id='word_1_104' title='bbox 164 1203 181 1233; x_wconf 69' lang='grc' dir='ltr'>ι</span> <span class='ocrx_word' id='word_1_105' title='bbox 203 1175 309 1238; x_wconf 91' lang='lat' dir='ltr'><strong>ludum</strong></span> <span class='ocrx_word' id='word_1_106' title='bbox 324 1181 421 1252; x_wconf 90' lang='lat' dir='ltr'><strong>potest</strong></span> <span class='ocrx_word' id='word_1_107' title='bbox 432 1173 547 1257; x_wconf 79' lang='lat' dir='ltr'><strong>rasari.</strong></span> 
     </span>
    </p>
   </div>
   <div class='ocr_carea' id='block_1_3' title="bbox 121 1265 1204 3614">
    <p class='ocr_par' dir='ltr' id='par_1_3' title="bbox 121 1265 1204 3614">
     <span class='ocr_line' id='line_1_13' title="bbox 203 1265 1170 1346; baseline -0.002 -15"><span class='ocrx_word' id='word_1_108' title='bbox 203 1273 252 1331; x_wconf 82' lang='lat' dir='ltr'><strong>ll.</strong></span> <span class='ocrx_word' id='word_1_109' title='bbox 264 1267 462 1341; x_wconf 79' lang='lat' dir='ltr'><strong>-Quaaritur</strong></span> <span class='ocrx_word' id='word_1_110' title='bbox 478 1269 502 1325; x_wconf 90' lang='lat' dir='ltr'><strong>l.</strong></span> <span class='ocrx_word' id='word_1_111' title='bbox 513 1268 559 1326; x_wconf 83' lang='lat' dir='ltr'><strong>An</strong></span> <span class='ocrx_word' id='word_1_112' title='bbox 577 1266 609 1325; x_wconf 92' lang='lat' dir='ltr'><strong>in</strong></span> <span class='ocrx_word' id='word_1_113' title='bbox 626 1265 763 1326; x_wconf 89' lang='lat' dir='ltr'><strong>ministro</strong></span> <span class='ocrx_word' id='word_1_114' title='bbox 781 1275 1049 1338; x_wconf 89' lang='lat' dir='ltr'><strong>sacramentorum,</strong></span> <span class='ocrx_word' id='word_1_115' title='bbox 1063 1276 1170 1346; x_wconf 84' lang='lat' dir='ltr'><strong>praeter</strong></span> 
     </span>
     <span class='ocr_line' id='line_1_14' title="bbox 161 1349 1170 1428; baseline -0.002 -14"><span class='ocrx_word' id='word_1_116' title='bbox 161 1353 376 1422; x_wconf 88' lang='lat' dir='ltr'><strong>intentionem,</strong></span> <span class='ocrx_word' id='word_1_117' title='bbox 391 1351 560 1428; x_wconf 87' lang='lat' dir='ltr'><strong>requiratur</strong></span> <span class='ocrx_word' id='word_1_118' title='bbox 578 1349 667 1408; x_wconf 89' lang='lat' dir='ltr'><strong>etiam</strong></span> <span class='ocrx_word' id='word_1_119' title='bbox 690 1350 830 1421; x_wconf 91' lang='lat' dir='ltr'><strong>attentio,</strong></span> <span class='ocrx_word' id='word_1_120' title='bbox 851 1360 885 1411; x_wconf 90' lang='lat' dir='ltr'><strong>nt</strong></span> <span class='ocrx_word' id='word_1_121' title='bbox 901 1349 997 1412; x_wconf 79' lang='lat' dir='ltr'><strong>validd</strong></span> <span class='ocrx_word' id='word_1_122' title='bbox 1019 1370 1052 1411; x_wconf 86' lang='lat' dir='ltr'><strong>ea</strong></span> <span class='ocrx_word' id='word_1_123' title='bbox 1072 1354 1170 1413; x_wconf 84' lang='lat' dir='ltr'><strong>eonse-</strong></span> 
     </span>
     <span class='ocr_line' id='line_1_15' title="bbox 161 1429 1169 1515; baseline -0.002 -17"><span class='ocrx_word' id='word_1_124' title='bbox 161 1441 233 1498; x_wconf 84' lang='lat' dir='ltr'><strong>rat?</strong></span> <span class='ocrx_word' id='word_1_125' title='bbox 245 1436 378 1496; x_wconf 83' lang='lat' dir='ltr'><strong>Affirmat</strong></span> <span class='ocrx_word' id='word_1_126' title='bbox 393 1436 438 1494; x_wconf 88' lang='lat' dir='ltr'><strong>Lo</strong></span> <span class='ocrx_word' id='word_1_127' title='bbox 453 1435 541 1495; x_wconf 81' lang='lat' dir='ltr'><strong>Croie</strong></span> <span class='ocrx_word' id='word_1_128' title='bbox 553 1429 575 1493; x_wconf 84' lang='lat' dir='ltr'><strong>l.</strong></span> <span class='ocrx_word' id='word_1_129' title='bbox 591 1436 620 1494; x_wconf 85' lang='grc'><strong>6.</strong></span> <span class='ocrx_word' id='word_1_130' title='bbox 634 1452 665 1512; x_wconf 87' lang='lat' dir='ltr'><strong>p.</strong></span> <span class='ocrx_word' id='word_1_131' title='bbox 682 1435 709 1493; x_wconf 87' lang='lat' dir='ltr'><strong>l.</strong></span> <span class='ocrx_word' id='word_1_132' title='bbox 723 1452 806 1493; x_wconf 79' lang='lat' dir='ltr'><strong>auara.</strong></span> <span class='ocrx_word' id='word_1_133' title='bbox 822 1436 870 1495; x_wconf 79' lang='grc'><strong>81.</strong></span> <span class='ocrx_word' id='word_1_134' title='bbox 884 1434 961 1494; x_wconf 78' lang='lat' dir='ltr'><strong>altas</strong></span> <span class='ocrx_word' id='word_1_135' title='bbox 975 1436 1019 1515; x_wconf 82' lang='lat' dir='ltr'><strong>(ut</strong></span> <span class='ocrx_word' id='word_1_136' title='bbox 1032 1432 1083 1515; x_wconf 85' lang='lat' dir='ltr'><strong>ait)</strong></span> <span class='ocrx_word' id='word_1_137' title='bbox 1100 1455 1169 1515; x_wconf 86' lang='lat' dir='ltr'><strong>eon-</strong></span> 
     </span>
     <span class='ocr_line' id='line_1_16' title="bbox 160 1517 1170 1592; baseline 0.002 -10"><span class='ocrx_word' id='word_1_138' title='bbox 160 1521 248 1582; x_wconf 84' lang='lat' dir='ltr'><strong>lectio</strong></span> <span class='ocrx_word' id='word_1_139' title='bbox 275 1519 447 1579; x_wconf 86' lang='lat' dir='ltr'><strong>sacramenti</strong></span> <span class='ocrx_word' id='word_1_140' title='bbox 474 1536 534 1577; x_wconf 92' lang='lat' dir='ltr'><strong>non</strong></span> <span class='ocrx_word' id='word_1_141' title='bbox 561 1528 636 1577; x_wconf 91' lang='lat' dir='ltr'><strong>esset</strong></span> <span class='ocrx_word' id='word_1_142' title='bbox 658 1520 734 1578; x_wconf 85' lang='lat' dir='ltr'><strong>actio</strong></span> <span class='ocrx_word' id='word_1_143' title='bbox 755 1517 902 1592; x_wconf 89' lang='lat' dir='ltr'><strong>humana,</strong></span> <span class='ocrx_word' id='word_1_144' title='bbox 927 1518 1057 1580; x_wconf 90' lang='lat' dir='ltr'><strong>hnmano</strong></span> <span class='ocrx_word' id='word_1_145' title='bbox 1081 1523 1170 1585; x_wconf 93' lang='lat' dir='ltr'><strong>modo</strong></span> 
     </span>
     <span class='ocr_line' id='line_1_17' title="bbox 161 1602 1169 1681; baseline 0.002 -16"><span class='ocrx_word' id='word_1_146' title='bbox 161 1604 301 1666; x_wconf 82' lang='lat' dir='ltr'><strong>exhibita.</strong></span> <span class='ocrx_word' id='word_1_147' title='bbox 331 1606 372 1662; x_wconf 77' lang='lat' dir='ltr'><strong>lix</strong></span> <span class='ocrx_word' id='word_1_148' title='bbox 401 1621 457 1680; x_wconf 89' lang='lat' dir='ltr'><strong>qua</strong></span> <span class='ocrx_word' id='word_1_149' title='bbox 483 1602 643 1680; x_wconf 89' lang='lat' dir='ltr'><strong>opinione,</strong></span> <span class='ocrx_word' id='word_1_150' title='bbox 667 1603 691 1663; x_wconf 92' lang='lat' dir='ltr'><strong>si</strong></span> <span class='ocrx_word' id='word_1_151' title='bbox 715 1602 874 1681; x_wconf 90' lang='lat' dir='ltr'><strong>probabilis</strong></span> <span class='ocrx_word' id='word_1_152' title='bbox 893 1623 985 1678; x_wconf 83' lang='lat' dir='ltr'><strong>esset,</strong></span> <span class='ocrx_word' id='word_1_153' title='bbox 1008 1605 1169 1668; x_wconf 80' lang='lat' dir='ltr'><strong>inferretur</strong></span> 
     </span>
     <span class='ocr_line' id='line_1_18' title="bbox 160 1685 1169 1765; baseline 0.003 -17"><span class='ocrx_word' id='word_1_154' title='bbox 160 1690 284 1765; x_wconf 90' lang='lat' dir='ltr'><strong>utique,</strong></span> <span class='ocrx_word' id='word_1_155' title='bbox 299 1686 379 1765; x_wconf 77' lang='lat' dir='ltr'><strong>quod</strong></span> <span class='ocrx_word' id='word_1_156' title='bbox 393 1686 528 1746; x_wconf 83' lang='lat' dir='ltr'><strong>minister</strong></span> <span class='ocrx_word' id='word_1_157' title='bbox 539 1686 705 1747; x_wconf 78' lang='lat' dir='ltr'><strong>voluntarie</strong></span> <span class='ocrx_word' id='word_1_158' title='bbox 715 1705 746 1747; x_wconf 87' lang='lat' dir='ltr'><strong>se</strong></span> <span class='ocrx_word' id='word_1_159' title='bbox 755 1685 936 1761; x_wconf 80' lang='lat' dir='ltr'><strong>distrahens,</strong></span> <span class='ocrx_word' id='word_1_160' title='bbox 951 1708 1012 1749; x_wconf 92' lang='lat' dir='ltr'><strong>non</strong></span> <span class='ocrx_word' id='word_1_161' title='bbox 1024 1691 1169 1752; x_wconf 83' lang='lat' dir='ltr'><strong>conferret</strong></span> 
     </span>
     <span class='ocr_line' id='line_1_19' title="bbox 162 1768 1168 1850; baseline 0.005 -19"><span class='ocrx_word' id='word_1_162' title='bbox 162 1780 378 1831; x_wconf 85' lang='lat' dir='ltr'><strong>sacramentum</strong></span> <span class='ocrx_word' id='word_1_163' title='bbox 390 1791 399 1845; x_wconf 80' lang='lat'>3</span> <span class='ocrx_word' id='word_1_164' title='bbox 412 1768 461 1829; x_wconf 90' lang='lat' dir='ltr'><strong>sed</strong></span> <span class='ocrx_word' id='word_1_165' title='bbox 477 1768 532 1828; x_wconf 88' lang='lat' dir='ltr'><strong>hoc</strong></span> <span class='ocrx_word' id='word_1_166' title='bbox 548 1789 608 1830; x_wconf 89' lang='lat' dir='ltr'><strong>non</strong></span> <span class='ocrx_word' id='word_1_167' title='bbox 628 1771 747 1831; x_wconf 88' lang='lat' dir='ltr'><strong>videtur</strong></span> <span class='ocrx_word' id='word_1_168' title='bbox 767 1790 851 1850; x_wconf 90' lang='lat' dir='ltr'><strong>posse</strong></span> <span class='ocrx_word' id='word_1_169' title='bbox 865 1773 1043 1845; x_wconf 75' lang='lat' dir='ltr'><strong>subsistere,</strong></span> <span class='ocrx_word' id='word_1_170' title='bbox 1059 1784 1089 1849; x_wconf 90' lang='lat' dir='ltr'><strong>et</strong></span> <span class='ocrx_word' id='word_1_171' title='bbox 1101 1775 1168 1836; x_wconf 89' lang='lat' dir='ltr'><strong>idcd</strong></span> 
     </span>
     <span class='ocr_line' id='line_1_20' title="bbox 162 1853 1169 1935; baseline 0.004 -19"><span class='ocrx_word' id='word_1_172' title='bbox 162 1858 226 1933; x_wconf 90' lang='lat' dir='ltr'><strong>ipse</strong></span> <span class='ocrx_word' id='word_1_173' title='bbox 240 1855 331 1915; x_wconf 77' lang='lat' dir='ltr'><strong>droia</strong></span> <span class='ocrx_word' id='word_1_174' title='bbox 342 1873 375 1913; x_wconf 84' lang='lat' dir='ltr'><strong>a.</strong></span> <span class='ocrx_word' id='word_1_175' title='bbox 391 1855 440 1914; x_wconf 80' lang='grc'><strong>815.</strong></span> <span class='ocrx_word' id='word_1_176' title='bbox 454 1853 583 1925; x_wconf 82' lang='lat' dir='ltr'><strong>fatetur,</strong></span> <span class='ocrx_word' id='word_1_177' title='bbox 599 1856 650 1914; x_wconf 83' lang='lat' dir='ltr'><strong>vix</strong></span> <span class='ocrx_word' id='word_1_178' title='bbox 670 1855 735 1915; x_wconf 87' lang='lat' dir='ltr'><strong>fieri</strong></span> <span class='ocrx_word' id='word_1_179' title='bbox 754 1874 860 1935; x_wconf 88' lang='lat' dir='ltr'><strong>posse,</strong></span> <span class='ocrx_word' id='word_1_180' title='bbox 875 1866 907 1915; x_wconf 82' lang='lat' dir='ltr'><strong>nt</strong></span> <span class='ocrx_word' id='word_1_181' title='bbox 933 1875 986 1934; x_wconf 88' lang='lat' dir='ltr'><strong>per</strong></span> <span class='ocrx_word' id='word_1_182' title='bbox 1006 1858 1169 1920; x_wconf 87' lang='lat' dir='ltr'><strong>distractio-</strong></span> 
     </span>
     <span class='ocr_line' id='line_1_21' title="bbox 161 1937 1168 2017; baseline 0.003 -19"><span class='ocrx_word' id='word_1_183' title='bbox 161 1956 230 1998; x_wconf 88' lang='lat' dir='ltr'><strong>nem</strong></span> <span class='ocrx_word' id='word_1_184' title='bbox 241 1947 457 1998; x_wconf 84' lang='lat' dir='ltr'><strong>sacramentum</strong></span> <span class='ocrx_word' id='word_1_185' title='bbox 471 1937 668 2010; x_wconf 87' lang='lat' dir='ltr'><strong>invalidetur,</strong></span> <span class='ocrx_word' id='word_1_186' title='bbox 681 1939 750 2016; x_wconf 94' lang='lat' dir='ltr'><strong>quia</strong></span> <span class='ocrx_word' id='word_1_187' title='bbox 771 1956 888 2017; x_wconf 85' lang='lat' dir='ltr'><strong>semper</strong></span> <span class='ocrx_word' id='word_1_188' title='bbox 904 1949 1058 2015; x_wconf 91' lang='lat' dir='ltr'><strong>permanet</strong></span> <span class='ocrx_word' id='word_1_189' title='bbox 1074 1951 1168 2002; x_wconf 88' lang='lat' dir='ltr'><strong>otten-</strong></span> 
     </span>
     <span class='ocr_line' id='line_1_22' title="bbox 161 2021 1193 2103; baseline 0.003 -20"><span class='ocrx_word' id='word_1_190' title='bbox 161 2025 204 2083; x_wconf 91' lang='lat' dir='ltr'><strong>tio</strong></span> <span class='ocrx_word' id='word_1_191' title='bbox 229 2022 382 2097; x_wconf 76' lang='lat' dir='ltr'><strong>virtualis,</strong></span> <span class='ocrx_word' id='word_1_192' title='bbox 409 2021 466 2081; x_wconf 91' lang='lat' dir='ltr'><strong>nisi</strong></span> <span class='ocrx_word' id='word_1_193' title='bbox 488 2021 638 2081; x_wconf 83' lang='lat' dir='ltr'><strong>distractio</strong></span> <span class='ocrx_word' id='word_1_194' title='bbox 664 2024 703 2081; x_wconf 90' lang='lat' dir='ltr'><strong>sit</strong></span> <span class='ocrx_word' id='word_1_195' title='bbox 729 2024 836 2083; x_wconf 87' lang='lat' dir='ltr'><strong>totalis.</strong></span> <span class='ocrx_word' id='word_1_196' title='bbox 861 2024 928 2082; x_wconf 89' lang='lat' dir='ltr'><strong>llaec</strong></span> <span class='ocrx_word' id='word_1_197' title='bbox 952 2023 1042 2101; x_wconf 82' lang='lat' dir='ltr'><strong>igitur</strong></span> <span class='ocrx_word' id='word_1_198' title='bbox 1067 2027 1167 2103; x_wconf 94' lang='lat' dir='ltr'><strong>opinio</strong></span> <span class='ocrx_word' id='word_1_199' title='bbox 1187 2063 1193 2073; x_wconf 89' lang='lat'><strong>·</strong></span> 
     </span>
     <span class='ocr_line' id='line_1_23' title="bbox 161 2102 1168 2184; baseline 0.003 -18"><span class='ocrx_word' id='word_1_200' title='bbox 161 2102 286 2166; x_wconf 74' lang='lat' dir='ltr'><strong>minime</strong></span> <span class='ocrx_word' id='word_1_201' title='bbox 311 2105 472 2184; x_wconf 81' lang='lat' dir='ltr'><strong>probabilis</strong></span> <span class='ocrx_word' id='word_1_202' title='bbox 497 2103 571 2165; x_wconf 91' lang='lat' dir='ltr'><strong>mihi</strong></span> <span class='ocrx_word' id='word_1_203' title='bbox 594 2106 731 2178; x_wconf 86' lang='lat' dir='ltr'><strong>videtur,</strong></span> <span class='ocrx_word' id='word_1_204' title='bbox 756 2124 810 2166; x_wconf 90' lang='lat' dir='ltr'><strong>nec</strong></span> <span class='ocrx_word' id='word_1_205' title='bbox 836 2124 902 2166; x_wconf 90' lang='lat' dir='ltr'><strong>eam</strong></span> <span class='ocrx_word' id='word_1_206' title='bbox 924 2106 1023 2165; x_wconf 90' lang='lat' dir='ltr'><strong>inveni</strong></span> <span class='ocrx_word' id='word_1_207' title='bbox 1048 2108 1084 2166; x_wconf 89' lang='lat' dir='ltr'><strong>ab</strong></span> <span class='ocrx_word' id='word_1_208' title='bbox 1109 2110 1168 2170; x_wconf 91' lang='lat' dir='ltr'><strong>alio</strong></span> 
     </span>
     <span class='ocr_line' id='line_1_24' title="bbox 160 2189 1166 2271; baseline 0.003 -23"><span class='ocrx_word' id='word_1_209' title='bbox 160 2199 280 2250; x_wconf 90' lang='lat' dir='ltr'><strong>auctore</strong></span> <span class='ocrx_word' id='word_1_210' title='bbox 291 2190 429 2249; x_wconf 80' lang='lat' dir='ltr'><strong>traditam</strong></span> <span class='ocrx_word' id='word_1_211' title='bbox 441 2207 560 2265; x_wconf 88' lang='lat' dir='ltr'><strong>;omnes</strong></span> <span class='ocrx_word' id='word_1_212' title='bbox 569 2191 649 2249; x_wconf 91' lang='lat' dir='ltr'><strong>enim</strong></span> <span class='ocrx_word' id='word_1_213' title='bbox 661 2189 782 2259; x_wconf 89' lang='lat' dir='ltr'><strong>dicunt,</strong></span> <span class='ocrx_word' id='word_1_214' title='bbox 796 2189 972 2271; x_wconf 81' lang='lat' dir='ltr'><strong>advolarem</strong></span> <span class='ocrx_word' id='word_1_215' title='bbox 984 2194 1166 2266; x_wconf 77' lang='lat' dir='ltr'><strong>sacramenti,</strong></span> 
     </span>
     <span class='ocr_line' id='line_1_25' title="bbox 160 2272 1169 2353; baseline 0 -20"><span class='ocrx_word' id='word_1_216' title='bbox 160 2282 269 2352; x_wconf 86' lang='lat' dir='ltr'><strong>praeter</strong></span> <span class='ocrx_word' id='word_1_217' title='bbox 282 2274 436 2333; x_wconf 89' lang='lat' dir='ltr'><strong>materiam</strong></span> <span class='ocrx_word' id='word_1_218' title='bbox 455 2283 484 2333; x_wconf 92' lang='lat' dir='ltr'><strong>et</strong></span> <span class='ocrx_word' id='word_1_219' title='bbox 502 2272 648 2345; x_wconf 81' lang='lat' dir='ltr'><strong>formam,</strong></span> <span class='ocrx_word' id='word_1_220' title='bbox 667 2273 743 2333; x_wconf 89' lang='lat' dir='ltr'><strong>nihil</strong></span> <span class='ocrx_word' id='word_1_221' title='bbox 755 2275 835 2333; x_wconf 92' lang='lat' dir='ltr'><strong>aliud</strong></span> <span class='ocrx_word' id='word_1_222' title='bbox 848 2274 960 2351; x_wconf 82' lang='lat' dir='ltr'><strong>requiri</strong></span> <span class='ocrx_word' id='word_1_223' title='bbox 974 2273 1063 2353; x_wconf 72' lang='lat' dir='ltr'><strong>quim</strong></span> <span class='ocrx_word' id='word_1_224' title='bbox 1077 2276 1169 2339; x_wconf 87' lang='lat' dir='ltr'><strong>inten-</strong></span> 
     </span>
     <span class='ocr_line' id='line_1_26' title="bbox 160 2357 1166 2441; baseline 0.001 -24"><span class='ocrx_word' id='word_1_225' title='bbox 160 2358 273 2417; x_wconf 86' lang='lat' dir='ltr'><strong>tionem</strong></span> <span class='ocrx_word' id='word_1_226' title='bbox 298 2357 426 2417; x_wconf 84' lang='lat' dir='ltr'><strong>ministri</strong></span> <span class='ocrx_word' id='word_1_227' title='bbox 440 2401 448 2431; x_wconf 93' lang='lat'>‚</span> <span class='ocrx_word' id='word_1_228' title='bbox 471 2366 504 2416; x_wconf 91' lang='lat' dir='ltr'><strong>ut</strong></span> <span class='ocrx_word' id='word_1_229' title='bbox 522 2357 679 2418; x_wconf 79' lang='lat' dir='ltr'><strong>delinitum</strong></span> <span class='ocrx_word' id='word_1_230' title='bbox 695 2359 752 2419; x_wconf 82' lang='lat' dir='ltr'><strong>init</strong></span> <span class='ocrx_word' id='word_1_231' title='bbox 772 2357 789 2418; x_wconf 80' lang='lat' dir='ltr'><strong>l</strong></span> <span class='ocrx_word' id='word_1_232' title='bbox 805 2357 965 2427; x_wconf 84' lang='lat' dir='ltr'><strong>conciliis,</strong></span> <span class='ocrx_word' id='word_1_233' title='bbox 980 2367 1069 2441; x_wconf 84' lang='lat' dir='ltr'><strong>prout</strong></span> <span class='ocrx_word' id='word_1_234' title='bbox 1093 2359 1166 2419; x_wconf 78' lang='lat' dir='ltr'><strong>inid</strong></span> 
     </span>
     <span class='ocr_line' id='line_1_27' title="bbox 160 2441 1167 2515; baseline 0.001 -14"><span class='ocrx_word' id='word_1_235' title='bbox 160 2442 322 2501; x_wconf 77' lang='lat' dir='ltr'><strong>reseremus</strong></span> <span class='ocrx_word' id='word_1_236' title='bbox 336 2460 367 2501; x_wconf 82' lang='lat' dir='ltr'><strong>a.</strong></span> <span class='ocrx_word' id='word_1_237' title='bbox 382 2443 432 2504; x_wconf 73' lang='lat' dir='ltr'><strong>rt.</strong></span> <span class='ocrx_word' id='word_1_238' title='bbox 447 2444 511 2503; x_wconf 87' lang='lat' dir='ltr'><strong>Nec</strong></span> <span class='ocrx_word' id='word_1_239' title='bbox 519 2441 610 2502; x_wconf 87' lang='lat' dir='ltr'><strong>allicit</strong></span> <span class='ocrx_word' id='word_1_240' title='bbox 625 2442 742 2515; x_wconf 88' lang='lat' dir='ltr'><strong>dicere,</strong></span> <span class='ocrx_word' id='word_1_241' title='bbox 758 2461 819 2503; x_wconf 92' lang='lat' dir='ltr'><strong>non</strong></span> <span class='ocrx_word' id='word_1_242' title='bbox 835 2460 896 2502; x_wconf 91' lang='lat' dir='ltr'><strong>esse</strong></span> <span class='ocrx_word' id='word_1_243' title='bbox 906 2442 1049 2502; x_wconf 88' lang='lat' dir='ltr'><strong>actionem</strong></span> <span class='ocrx_word' id='word_1_244' title='bbox 1063 2441 1167 2502; x_wconf 90' lang='lat' dir='ltr'><strong>hnma-</strong></span> 
     </span>
     <span class='ocr_line' id='line_1_28' title="bbox 159 2523 1166 2604; baseline 0.003 -20"><span class='ocrx_word' id='word_1_245' title='bbox 159 2544 229 2585; x_wconf 90' lang='lat' dir='ltr'><strong>nam</strong></span> <span class='ocrx_word' id='word_1_246' title='bbox 249 2526 332 2585; x_wconf 90' lang='lat' dir='ltr'><strong>illam</strong></span> <span class='ocrx_word' id='word_1_247' title='bbox 352 2544 418 2604; x_wconf 79' lang='lat' dir='ltr'><strong>quae</strong></span> <span class='ocrx_word' id='word_1_248' title='bbox 434 2525 470 2585; x_wconf 89' lang='lat' dir='ltr'><strong>iit</strong></span> <span class='ocrx_word' id='word_1_249' title='bbox 491 2525 554 2585; x_wconf 92' lang='lat' dir='ltr'><strong>sine</strong></span> <span class='ocrx_word' id='word_1_250' title='bbox 570 2529 755 2587; x_wconf 81' lang='lat' dir='ltr'><strong>attentione:</strong></span> <span class='ocrx_word' id='word_1_251' title='bbox 770 2545 838 2586; x_wconf 90' lang='lat' dir='ltr'><strong>nam</strong></span> <span class='ocrx_word' id='word_1_252' title='bbox 851 2524 939 2598; x_wconf 71' lang='lat' dir='ltr'><strong>licet,</strong></span> <span class='ocrx_word' id='word_1_253' title='bbox 953 2535 987 2585; x_wconf 90' lang='lat' dir='ltr'><strong>ut</strong></span> <span class='ocrx_word' id='word_1_254' title='bbox 1007 2523 1096 2587; x_wconf 90' lang='lat' dir='ltr'><strong>homo</strong></span> <span class='ocrx_word' id='word_1_255' title='bbox 1110 2525 1166 2587; x_wconf 88' lang='lat' dir='ltr'><strong>hu·</strong></span> 
     </span>
     <span class='ocr_line' id='line_1_29' title="bbox 158 2609 1164 2690; baseline 0.004 -22"><span class='ocrx_word' id='word_1_256' title='bbox 158 2627 248 2670; x_wconf 88' lang='lat' dir='ltr'><strong>mano</strong></span> <span class='ocrx_word' id='word_1_257' title='bbox 269 2609 358 2670; x_wconf 91' lang='lat' dir='ltr'><strong>modo</strong></span> <span class='ocrx_word' id='word_1_258' title='bbox 378 2618 537 2688; x_wconf 90' lang='lat' dir='ltr'><strong>operetur,</strong></span> <span class='ocrx_word' id='word_1_259' title='bbox 554 2612 743 2688; x_wconf 91' lang='lat' dir='ltr'><strong>requiratur,</strong></span> <span class='ocrx_word' id='word_1_260' title='bbox 757 2620 791 2670; x_wconf 87' lang='lat' dir='ltr'><strong>ut</strong></span> <span class='ocrx_word' id='word_1_261' title='bbox 807 2612 843 2670; x_wconf 90' lang='lat' dir='ltr'><strong>ad</strong></span> <span class='ocrx_word' id='word_1_262' title='bbox 860 2612 951 2670; x_wconf 85' lang='lat' dir='ltr'><strong>linem</strong></span> <span class='ocrx_word' id='word_1_263' title='bbox 963 2613 1074 2690; x_wconf 89' lang='lat' dir='ltr'><strong>operis,</strong></span> <span class='ocrx_word' id='word_1_264' title='bbox 1086 2612 1164 2690; x_wconf 88' lang='lat' dir='ltr'><strong>quod</strong></span> 
     </span>
     <span class='ocr_line' id='line_1_30' title="bbox 159 2693 1165 2775; baseline 0.004 -22"><span class='ocrx_word' id='word_1_265' title='bbox 159 2693 289 2754; x_wconf 88' lang='lat' dir='ltr'><strong>intendit</strong></span> <span class='ocrx_word' id='word_1_266' title='bbox 311 2694 424 2766; x_wconf 88' lang='lat' dir='ltr'><strong>iacere,</strong></span> <span class='ocrx_word' id='word_1_267' title='bbox 445 2693 600 2770; x_wconf 87' lang='lat' dir='ltr'><strong>attendat;</strong></span> <span class='ocrx_word' id='word_1_268' title='bbox 620 2713 680 2754; x_wconf 90' lang='lat' dir='ltr'><strong>non</strong></span> <span class='ocrx_word' id='word_1_269' title='bbox 702 2704 799 2756; x_wconf 78' lang='lat' dir='ltr'><strong>umen</strong></span> <span class='ocrx_word' id='word_1_270' title='bbox 826 2697 1012 2775; x_wconf 84' lang='lat' dir='ltr'><strong>requiritur,</strong></span> <span class='ocrx_word' id='word_1_271' title='bbox 1030 2697 1165 2768; x_wconf 84' lang='lat' dir='ltr'><strong>ut,ci1m</strong></span> 
     </span>
     <span class='ocr_line' id='line_1_31' title="bbox 121 2779 1165 2856; baseline 0.004 -19"><span class='ocrx_word' id='word_1_272' title='bbox 121 2784 126 2789; x_wconf 83' lang='lat'>&#39;</span> <span class='ocrx_word' id='word_1_273' title='bbox 159 2796 234 2855; x_wconf 88' lang='lat' dir='ltr'><strong>opus</strong></span> <span class='ocrx_word' id='word_1_274' title='bbox 253 2779 424 2856; x_wconf 82' lang='lat' dir='ltr'><strong>exequitur,</strong></span> <span class='ocrx_word' id='word_1_275' title='bbox 443 2779 595 2839; x_wconf 87' lang='lat' dir='ltr'><strong>actualiter</strong></span> <span class='ocrx_word' id='word_1_276' title='bbox 615 2779 756 2841; x_wconf 90' lang='lat' dir='ltr'><strong>attendat.</strong></span> <span class='ocrx_word' id='word_1_277' title='bbox 771 2781 801 2841; x_wconf 92' lang='lat' dir='ltr'><strong>Si</strong></span> <span class='ocrx_word' id='word_1_278' title='bbox 812 2791 910 2841; x_wconf 91' lang='lat' dir='ltr'><strong>autem</strong></span> <span class='ocrx_word' id='word_1_279' title='bbox 922 2781 1084 2843; x_wconf 79' lang='lat' dir='ltr'><strong>necessario</strong></span> <span class='ocrx_word' id='word_1_280' title='bbox 1104 2780 1165 2841; x_wconf 89' lang='lat' dir='ltr'><strong>haec</strong></span> 
     </span>
     <span class='ocr_line' id='line_1_32' title="bbox 158 2863 1165 2945; baseline 0.005 -25"><span class='ocrx_word' id='word_1_281' title='bbox 158 2863 283 2922; x_wconf 87' lang='lat' dir='ltr'><strong>attentio</strong></span> <span class='ocrx_word' id='word_1_282' title='bbox 300 2863 521 2940; x_wconf 87' lang='lat' dir='ltr'><strong>requireretur,</strong></span> <span class='ocrx_word' id='word_1_283' title='bbox 544 2881 599 2923; x_wconf 90' lang='lat' dir='ltr'><strong>nec</strong></span> <span class='ocrx_word' id='word_1_284' title='bbox 616 2863 705 2923; x_wconf 89' lang='lat' dir='ltr'><strong>etiarn</strong></span> <span class='ocrx_word' id='word_1_285' title='bbox 726 2875 938 2945; x_wconf 88' lang='lat' dir='ltr'><strong>consequenter</strong></span> <span class='ocrx_word' id='word_1_286' title='bbox 957 2866 1102 2925; x_wconf 83' lang='lat' dir='ltr'><strong>sufficeret</strong></span> <span class='ocrx_word' id='word_1_287' title='bbox 1121 2865 1165 2943; x_wconf 84' lang='lat' dir='ltr'><strong>(ut</strong></span> 
     </span>
     <span class='ocr_line' id='line_1_33' title="bbox 159 2945 1164 3026; baseline 0.003 -20"><span class='ocrx_word' id='word_1_288' title='bbox 159 2964 220 3006; x_wconf 92' lang='lat' dir='ltr'><strong>non</strong></span> <span class='ocrx_word' id='word_1_289' title='bbox 236 2945 316 3008; x_wconf 75' lang='lat' dir='ltr'><strong>reete</strong></span> <span class='ocrx_word' id='word_1_290' title='bbox 337 2948 477 3024; x_wconf 90' lang='lat' dir='ltr'><strong>supponit</strong></span> <span class='ocrx_word' id='word_1_291' title='bbox 490 2946 590 3026; x_wconf 81' lang='lat' dir='ltr'><strong>croix)</strong></span> <span class='ocrx_word' id='word_1_292' title='bbox 605 2950 727 3012; x_wconf 90' lang='lat' dir='ltr'><strong>attentio</strong></span> <span class='ocrx_word' id='word_1_293' title='bbox 747 2952 890 3012; x_wconf 82' lang='lat' dir='ltr'><strong>virtualis.</strong></span> <span class='ocrx_word' id='word_1_294' title='bbox 905 2953 979 3011; x_wconf 89' lang='lat' dir='ltr'><strong>Nam</strong></span> <span class='ocrx_word' id='word_1_295' title='bbox 995 2950 1078 3026; x_wconf 87' lang='lat' dir='ltr'><strong>juxta</strong></span> <span class='ocrx_word' id='word_1_296' title='bbox 1089 2950 1164 3009; x_wconf 91' lang='lat' dir='ltr'><strong>dicto</strong></span> 
     </span>
     <span class='ocr_line' id='line_1_34' title="bbox 157 3025 1165 3105; baseline 0.001 -16"><span class='ocrx_word' id='word_1_297' title='bbox 157 3025 181 3088; x_wconf 77' lang='lat' dir='ltr'><strong>t.</strong></span> <span class='ocrx_word' id='word_1_298' title='bbox 196 3032 224 3089; x_wconf 80' lang='lat'><strong>5.</strong></span> <span class='ocrx_word' id='word_1_299' title='bbox 236 3047 321 3090; x_wconf 86' lang='lat' dir='ltr'><strong>num.</strong></span> <span class='ocrx_word' id='word_1_300' title='bbox 338 3033 405 3090; x_wconf 84' lang='grc'><strong>177.</strong></span> <span class='ocrx_word' id='word_1_301' title='bbox 427 3049 456 3090; x_wconf 88' lang='lat' dir='ltr'><strong>v.</strong></span> <span class='ocrx_word' id='word_1_302' title='bbox 471 3030 578 3105; x_wconf 73' lang='lat' dir='ltr'><strong>Ratio,</strong></span> <span class='ocrx_word' id='word_1_303' title='bbox 592 3031 654 3092; x_wconf 74' lang='lat' dir='ltr'><strong>haee</strong></span> <span class='ocrx_word' id='word_1_304' title='bbox 676 3035 799 3094; x_wconf 91' lang='lat' dir='ltr'><strong>attentio</strong></span> <span class='ocrx_word' id='word_1_305' title='bbox 820 3035 954 3093; x_wconf 89' lang='lat' dir='ltr'><strong>virtualis</strong></span> <span class='ocrx_word' id='word_1_306' title='bbox 975 3052 1035 3092; x_wconf 91' lang='lat' dir='ltr'><strong>non</strong></span> <span class='ocrx_word' id='word_1_307' title='bbox 1058 3033 1165 3104; x_wconf 87' lang='lat' dir='ltr'><strong>datur,</strong></span> 
     </span>
     <span class='ocr_line' id='line_1_35' title="bbox 158 3114 1165 3192; baseline 0.001 -19"><span class='ocrx_word' id='word_1_308' title='bbox 158 3130 213 3174; x_wconf 87' lang='lat' dir='ltr'><strong>nee</strong></span> <span class='ocrx_word' id='word_1_309' title='bbox 233 3121 330 3191; x_wconf 89' lang='lat' dir='ltr'><strong>potest</strong></span> <span class='ocrx_word' id='word_1_310' title='bbox 355 3114 499 3192; x_wconf 83' lang='lat' dir='ltr'><strong>intelligi,</strong></span> <span class='ocrx_word' id='word_1_311' title='bbox 517 3116 586 3191; x_wconf 88' lang='lat' dir='ltr'><strong>quia</strong></span> <span class='ocrx_word' id='word_1_312' title='bbox 610 3115 678 3176; x_wconf 81' lang='lat' dir='ltr'><strong>crim</strong></span> <span class='ocrx_word' id='word_1_313' title='bbox 699 3119 824 3177; x_wconf 91' lang='lat' dir='ltr'><strong>attentio</strong></span> <span class='ocrx_word' id='word_1_314' title='bbox 842 3119 880 3176; x_wconf 93' lang='lat' dir='ltr'><strong>sit</strong></span> <span class='ocrx_word' id='word_1_315' title='bbox 895 3125 976 3175; x_wconf 89' lang='lat' dir='ltr'><strong>actus</strong></span> <span class='ocrx_word' id='word_1_316' title='bbox 1003 3115 1165 3175; x_wconf 85' lang='lat' dir='ltr'><strong>intellectds</strong></span> 
     </span>
     <span class='ocr_line' id='line_1_36' title="bbox 158 3197 1165 3278; baseline 0.003 -23"><span class='ocrx_word' id='word_1_317' title='bbox 158 3198 369 3259; x_wconf 89' lang='lat' dir='ltr'><strong>considerantis</strong></span> <span class='ocrx_word' id='word_1_318' title='bbox 395 3197 426 3258; x_wconf 95' lang='lat' dir='ltr'><strong>id</strong></span> <span class='ocrx_word' id='word_1_319' title='bbox 455 3199 534 3276; x_wconf 91' lang='lat' dir='ltr'><strong>quod</strong></span> <span class='ocrx_word' id='word_1_320' title='bbox 557 3198 647 3259; x_wconf 87' lang='lat' dir='ltr'><strong>homo</strong></span> <span class='ocrx_word' id='word_1_321' title='bbox 666 3202 745 3278; x_wconf 77' lang='lat' dir='ltr'><strong>agit,</strong></span> <span class='ocrx_word' id='word_1_322' title='bbox 766 3198 929 3260; x_wconf 77' lang='lat' dir='ltr'><strong>necessario</strong></span> <span class='ocrx_word' id='word_1_323' title='bbox 948 3198 1105 3273; x_wconf 89' lang='lat' dir='ltr'><strong>importat,</strong></span> <span class='ocrx_word' id='word_1_324' title='bbox 1132 3207 1165 3258; x_wconf 92' lang='lat' dir='ltr'><strong>ut</strong></span> 
     </span>
     <span class='ocr_line' id='line_1_37' title="bbox 158 3280 1204 3361; baseline 0.003 -22"><span class='ocrx_word' id='word_1_325' title='bbox 158 3280 324 3342; x_wconf 90' lang='lat' dir='ltr'><strong>intellectus</strong></span> <span class='ocrx_word' id='word_1_326' title='bbox 336 3293 402 3343; x_wconf 88' lang='lat' dir='ltr'><strong>actu</strong></span> <span class='ocrx_word' id='word_1_327' title='bbox 422 3283 574 3361; x_wconf 82' lang='lat' dir='ltr'><strong>advertat3</strong></span> <span class='ocrx_word' id='word_1_328' title='bbox 592 3284 671 3342; x_wconf 91' lang='lat' dir='ltr'><strong>unde</strong></span> <span class='ocrx_word' id='word_1_329' title='bbox 689 3285 765 3343; x_wconf 88' lang='lat' dir='ltr'><strong>sieut</strong></span> <span class='ocrx_word' id='word_1_330' title='bbox 784 3301 844 3342; x_wconf 91' lang='lat' dir='ltr'><strong>non</strong></span> <span class='ocrx_word' id='word_1_331' title='bbox 869 3289 964 3361; x_wconf 87' lang='lat' dir='ltr'><strong>potest</strong></span> <span class='ocrx_word' id='word_1_332' title='bbox 989 3281 1065 3351; x_wconf 93' lang='lat' dir='ltr'><strong>dici,</strong></span> <span class='ocrx_word' id='word_1_333' title='bbox 1086 3280 1165 3358; x_wconf 86' lang='lat' dir='ltr'><strong>qudd</strong></span> <span class='ocrx_word' id='word_1_334' title='bbox 1200 3342 1204 3349; x_wconf 76' lang='grc'><strong>,</strong></span> 
     </span>
     <span class='ocr_line' id='line_1_38' title="bbox 158 3364 1164 3446; baseline 0.006 -23"><span class='ocrx_word' id='word_1_335' title='bbox 158 3364 324 3427; x_wconf 89' lang='lat' dir='ltr'><strong>intellectus</strong></span> <span class='ocrx_word' id='word_1_336' title='bbox 339 3368 507 3428; x_wconf 86' lang='lat' dir='ltr'><strong>virtualiter</strong></span> <span class='ocrx_word' id='word_1_337' title='bbox 528 3367 711 3440; x_wconf 88' lang='lat' dir='ltr'><strong>consideret,</strong></span> <span class='ocrx_word' id='word_1_338' title='bbox 733 3368 812 3446; x_wconf 94' lang='lat' dir='ltr'><strong>quod</strong></span> <span class='ocrx_word' id='word_1_339' title='bbox 834 3385 894 3427; x_wconf 91' lang='lat' dir='ltr'><strong>non</strong></span> <span class='ocrx_word' id='word_1_340' title='bbox 917 3366 1098 3439; x_wconf 87' lang='lat' dir='ltr'><strong>considerat,</strong></span> <span class='ocrx_word' id='word_1_341' title='bbox 1125 3369 1164 3429; x_wconf 90' lang='lat' dir='ltr'><strong>ito</strong></span> 
     </span>
     <span class='ocr_line' id='line_1_39' title="bbox 158 3451 1165 3529; baseline 0.006 -22"><span class='ocrx_word' id='word_1_342' title='bbox 158 3452 262 3528; x_wconf 89' lang='lat' dir='ltr'><strong>nequit</strong></span> <span class='ocrx_word' id='word_1_343' title='bbox 273 3452 331 3512; x_wconf 90' lang='lat' dir='ltr'><strong>diei</strong></span> <span class='ocrx_word' id='word_1_344' title='bbox 352 3451 504 3512; x_wconf 90' lang='lat' dir='ltr'><strong>hominem</strong></span> <span class='ocrx_word' id='word_1_345' title='bbox 520 3452 688 3512; x_wconf 90' lang='lat' dir='ltr'><strong>virtualiter</strong></span> <span class='ocrx_word' id='word_1_346' title='bbox 702 3452 871 3529; x_wconf 86' lang='lat' dir='ltr'><strong>attendere,</strong></span> <span class='ocrx_word' id='word_1_347' title='bbox 889 3451 1007 3529; x_wconf 92' lang='lat' dir='ltr'><strong>quando</strong></span> <span class='ocrx_word' id='word_1_348' title='bbox 1021 3462 1086 3511; x_wconf 90' lang='lat' dir='ltr'><strong>actu</strong></span> <span class='ocrx_word' id='word_1_349' title='bbox 1105 3471 1165 3513; x_wconf 92' lang='lat' dir='ltr'><strong>non</strong></span> 
     </span>
     <span class='ocr_line' id='line_1_40' title="bbox 159 3534 1165 3614; baseline 0.005 -23"><span class='ocrx_word' id='word_1_350' title='bbox 159 3535 286 3594; x_wconf 82' lang='lat' dir='ltr'><strong>attendit</strong></span> <span class='ocrx_word' id='word_1_351' title='bbox 295 3579 303 3606; x_wconf 96' lang='lat'><strong>,</strong></span> <span class='ocrx_word' id='word_1_352' title='bbox 312 3535 363 3595; x_wconf 89' lang='lat' dir='ltr'><strong>sed</strong></span> <span class='ocrx_word' id='word_1_353' title='bbox 372 3535 429 3597; x_wconf 84' lang='lat' dir='ltr'><strong>alid</strong></span> <span class='ocrx_word' id='word_1_354' title='bbox 442 3545 486 3595; x_wconf 90' lang='lat' dir='ltr'><strong>est</strong></span> <span class='ocrx_word' id='word_1_355' title='bbox 498 3535 664 3611; x_wconf 87' lang='lat' dir='ltr'><strong>distraetus.</strong></span> <span class='ocrx_word' id='word_1_356' title='bbox 677 3537 752 3596; x_wconf 88' lang='lat' dir='ltr'><strong>lline</strong></span> <span class='ocrx_word' id='word_1_357' title='bbox 764 3535 874 3614; x_wconf 76' lang='lat' dir='ltr'><strong>optime</strong></span> <span class='ocrx_word' id='word_1_358' title='bbox 888 3536 972 3595; x_wconf 90' lang='lat' dir='ltr'><strong>docet</strong></span> <span class='ocrx_word' id='word_1_359' title='bbox 981 3534 1165 3596; x_wconf 90' lang='lat' dir='ltr'><strong>doctissimus</strong></span> 
     </span>
    </p>
   </div>
   <div class='ocr_carea' id='block_1_4' title="bbox 159 3616 1164 3764">
    <p class='ocr_par' dir='ltr' id='par_1_4' title="bbox 159 3616 1164 3764">
     <span class='ocr_line' id='line_1_41' title="bbox 159 3616 1164 3764; baseline 0.005 -90"><span class='ocrx_word' id='word_1_360' title='bbox 159 3616 199 3674; x_wconf 89' lang='lat' dir='ltr'><strong>P.</strong></span> <span class='ocrx_word' id='word_1_361' title='bbox 211 3618 308 3679; x_wconf 78' lang='lat' dir='ltr'><strong>Sator..</strong></span> <span class='ocrx_word' id='word_1_362' title='bbox 318 3620 351 3680; x_wconf 82' lang='lat' dir='ltr'><strong>iu</strong></span> <span class='ocrx_word' id='word_1_363' title='bbox 364 3621 393 3679; x_wconf 87' lang='grc'><strong>5.</strong></span> <span class='ocrx_word' id='word_1_364' title='bbox 410 3638 444 3700; x_wconf 82' lang='lat' dir='ltr'><strong>p.</strong></span> <span class='ocrx_word' id='word_1_365' title='bbox 458 3617 489 3680; x_wconf 87' lang='lat' dir='ltr'><strong>d.</strong></span> <span class='ocrx_word' id='word_1_366' title='bbox 506 3620 555 3678; x_wconf 88' lang='grc'><strong>15.</strong></span> <span class='ocrx_word' id='word_1_367' title='bbox 570 3627 636 3681; x_wconf 83' lang='lat' dir='ltr'><strong>sect.</strong></span> <span class='ocrx_word' id='word_1_368' title='bbox 649 3622 679 3681; x_wconf 86' lang='grc'><strong>5.</strong></span> <span class='ocrx_word' id='word_1_369' title='bbox 692 3640 721 3681; x_wconf 89' lang='lat' dir='ltr'><strong>o.</strong></span> <span class='ocrx_word' id='word_1_370' title='bbox 737 3619 812 3681; x_wconf 81' lang='lat' dir='ltr'><strong>Dico</strong></span> <span class='ocrx_word' id='word_1_371' title='bbox 826 3623 853 3680; x_wconf 87' lang='lat' dir='ltr'><strong>l.</strong></span> <span class='ocrx_word' id='word_1_372' title='bbox 868 3618 1098 3764; x_wconf 53' lang='lat' dir='ltr'><strong>q¹¹bdeffi⁰i⁵oer</strong></span> <span class='ocrx_word' id='word_1_373' title='bbox 1111 3620 1164 3681; x_wconf 86' lang='lat' dir='ltr'><strong>ctsi</strong></span> 
     </span>
    </p>
   </div>
   <div class='ocr_carea' id='block_1_5' title="bbox 0 0 1314 4176">
    <p class='ocr_par' dir='ltr' id='par_1_5' title="bbox 0 0 1314 4176">
     <span class='ocr_line' id='line_1_42' title="bbox 0 0 1314 4176; baseline 0 0"><span class='ocrx_word' id='word_1_374' title='bbox 0 0 1314 4176; x_wconf 95' lang='lat' dir='ltr'><strong> </strong></span> 
     </span>
    </p>
   </div>
  </div>
 </body>
</html>
