2610 4186
173 232 230 294 518
422 229 487 294 Lib.
497 231 527 293 6.
546 234 643 293 Trect.
656 234 686 293 0.
701 232 747 293 De
761 230 914 314 baptismo.

171 357 184 386 ιι
210 335 269 410 ris,
282 329 399 406 Genii,
413 340 443 394 ct
456 332 576 411 Spirnti3
589 333 636 393 vel
645 332 677 393 in
686 331 806 393 nomine
816 332 1044 412 omnipotentis,
1057 336 1181 416 Sapien‘-
1261 412 1264 418 ,

172 442 185 470 ιι
209 418 263 491 tis,
279 425 309 479 et
318 416 410 479 Bonis
429 418 476 478 vel
490 418 521 478 in
535 418 654 478 nomine
665 416 808 495 ingeniti,
820 417 918 478 Gcniti
928 462 937 490 ,
948 426 978 479 et
990 420 1074 482 Boni.
1090 427 1181 486 Ratio

172 526 184 553 ιι
209 508 270 575 cst,
285 501 353 582 quia
365 500 495 562 Trinitas
506 518 698 581 personarum
713 518 773 562 non
785 500 949 578 explicatur
962 503 1083 564 vocibus
1095 510 1183 583 ,qul-

170 609 183 638 ιι
207 585 291 648 basi
311 584 447 647 fidelibus
468 586 604 647 omnihus
619 582 706 644 debet
723 627 731 657 ,
748 591 778 643 et
799 590 896 661 potest
916 583 1107 663 apprehendi.
1122 592 1179 651 lll.

169 694 182 724 ιι
206 670 366 750 Baptizato
383 669 415 729 in
427 669 549 731 nomine
560 668 655 728 Patris
665 712 674 743 ,
686 675 716 728 et
727 666 794 728 Filii
807 710 815 739 ,
830 673 861 727 et
877 667 1003 745 Spiritus
1015 677 1126 744 sancti,
1146 686 1183 735 en

169 775 184 807 ι
209 754 308 815 Mariae
318 751 450 833 Virginis
473 773 481 811 a
501 751 570 830 quia
583 751 708 813 dubium
722 759 767 812 est
782 748 820 812 de
836 752 1002 814 intentione
1017 755 1144 816 ministri
1169 780 1179 815 a

169 863 183 893 ιι
207 837 259 918 qui
279 837 304 898 si
329 853 365 898 eo
379 854 467 898 sensu
483 835 578 897 voluit
589 835 687 898 dicere
702 834 801 896 Mariae
816 877 825 908 ,
839 852 898 913 quo
917 837 1012 919 Patris
1033 847 1063 899 ct
1084 841 1175 915 Filii,

169 945 183 975 ιι
206 930 236 982 et
246 921 361 1001 Spritirs
374 920 488 993 Sancti,
513 937 574 982 non
590 921 682 997 valet,
700 917 818 980 enimait
831 925 933 980 contra
947 936 1065 982 sensum
1077 940 1179 984 amen-

169 1029 182 1058 ιι
207 1004 337 1067 tialemia
359 1003 474 1066 Christo
494 1003 669 1064 intentum:
695 1001 720 1062 si
742 999 950 1062 rerl'tantiim
969 1003 1064 1067 voluit
1092 1006 1178 1069 illam

169 1113 183 1142 ιι
207 1091 362 1163 invocare,
375 1086 631 1164 ut'coadjutricem
648 1085 750 1166 gratiae
772 1084 980 1163 inpetrando,
996 1087 1044 1148 vel
1063 1089 1173 1168 aliter,

47 1237 51 1245 ,
169 1197 183 1227 ιι
206 1174 305 1246 valet,
320 1170 388 1234 calm
404 1170 521 1233 tantum
533 1176 572 1231 stt
583 1170 708 1232 mutatio
720 1168 914 1229 accidentalia.
931 1165 1086 1247 Finierat.
1100 1175 1131 1236 2.
1145 1193 1174 1235 c.

168 1258 198 1317 5.
212 1274 244 1317 a.
256 1258 304 1319 to.
324 1253 495 1319 Videela'am
511 1256 616 1334 Leym.
631 1261 659 1314 et
670 1257 747 1314 Bon.
763 1249 796 1312 ll.
811 1267 850 1313 ec.

207 1343 275 1403 100.
291 1340 415 1400 -Vera
435 1348 465 1400 et
477 1339 607 1417 legitima
628 1340 722 1398 torma
740 1336 877 1416 baptismi
896 1335 962 1398 hoee
981 1344 1026 1399 est
1040 1358 1049 1398 r
1064 1341 1127 1421 Epo
1146 1351 1175 1403 te

168 1421 285 1504 leptim
301 1423 336 1485 in
351 1421 469 1484 nornine
481 1422 601 1493 Patria,
616 1429 645 1482 et
658 1419 747 1493 Filii,
763 1428 792 1481 et
801 1418 931 1501 spiritate
942 1422 1050 1499 saneti,
1069 1426 1170 1486 Amen.

168 1508 211 1568 lta
223 1506 379 1567 definitum
398 1506 430 1566 in
447 1522 528 1566 conc.
542 1506 638 1566 Later.
656 1521 681 1564 c.
695 1501 853 1576 Firmiter,
868 1502 1024 1564 destinam.
1041 1507 1123 1566 Trin.
1141 1516 1173 1568 ct

166 1590 198 1650 in
211 1589 341 1650 Triderrt.
352 1605 420 1649 sera.
431 1591 461 1649 7.
473 1606 538 1650 aaa.
548 1587 576 1648 l.
586 1585 720 1667 rleBopt.
735 1605 772 1647 ex
785 1586 836 1647 illo
845 1585 955 1648 Metti.
966 1605 990 1649 e.
1001 1588 1050 1671 28.
1062 1588 1106 1663 j.
1119 1595 1168 1651 10.

96 1701 100 1709 ’
165 1677 277 1736 Eontee
295 1690 361 1753 erpo
379 1671 473 1735 docete
487 1689 587 1734 amaea
604 1678 723 1752 pentae,
740 1670 924 1751 baptizantes
939 1689 986 1733 eoa
1000 1673 1033 1733 ia
1053 1673 1172 1735 nonrine

165 1759 285 1834 Patria,
302 1767 331 1820 et
342 1756 431 1835 Filii,
450 1765 477 1818 et
488 1757 620 1839 Spiritcia
634 1756 741 1819 sanati.
753 1756 955 1836 Multipliciter
965 1766 1062 1817 autem
1075 1769 1171 1836 potest

164 1840 226 1903 hacc
246 1843 340 1906 forma
356 1842 481 1916 variari,
501 1857 609 1921 nempe
629 1842 659 1902 1.
679 1858 732 1919 per
743 1840 903 1903 verborum
915 1843 1123 1914 mutationem,
1136 1846 1168 1904 ἓ.

164 1928 411 2007 corruptionem,
432 1928 461 1988 5.
479 1926 756 2006 transpositionem,
772 1925 803 1986 1.
820 1923 1019 2000 additionem,
1034 1926 1064 1985 t.
1079 1925 1170 1986 dimi-

163 2012 330 2074 nutionem.
351 2009 453 2077 inhia
474 2012 574 2074 autem
598 2008 734 2071 omnibus
755 2008 791 2069 ad
804 2008 1030 2069 discernendum
1052 2009 1170 2087 quando

163 2096 287 2175 variatio
314 2095 455 2158 invalidet
480 2095 528 2155 vel
555 2112 616 2155 uon
641 2102 887 2165 sacramentum,
918 2093 1029 2152 attendi
1056 2093 1168 2167 debet,
1283 2128 1284 2159 ι

162 2197 200 2238 an
216 2180 278 2258 ipsa
294 2181 333 2241 sit
348 2178 564 2247 substantialis,
583 2185 633 2239 aut
647 2176 841 2251 accidentalis.
854 2173 1066 2238 substantialia
1087 2179 1170 2239 enim
1283 2170 1284 2197 l

160 2264 285 2325 variatio
319 2272 388 2339 est,
419 2262 488 2325 eim
515 2262 717 2340 corrumpitur
743 2260 904 2322 substantia
932 2259 1033 2321 sensus
1063 2264 1170 2323 nerbo-

160 2365 230 2408 rum
247 2346 264 2407 a
280 2345 396 2409 Christo
407 2346 535 2408 Domino
548 2346 672 2422 intenti,
686 2355 718 2419 ct
733 2345 796 2407 haee
812 2345 934 2424 quidem
950 2355 1168 2408 sacramentum
1283 2352 1284 2373 ¹

160 2431 323 2508 invalidat3
339 2427 528 2493 occidentalia
539 2429 610 2492 vero
633 2425 778 2511 est,ci1m
798 2429 877 2490 idem
896 2436 1029 2498 remanet
1046 2447 1168 2504 sensus,

160 2521 191 2573 ct
209 2513 272 2576 haec
290 2533 349 2576 non
360 2515 517 2589 invalidat,
531 2512 606 2585 nisi,
621 2522 657 2576 ut
666 2515 792 2575 advertit
807 2514 846 2573 D.
866 2511 919 2574 rt.
935 2512 963 2573 5.
976 2520 1057 2592 pert.
1072 2532 1102 2595 q.
1115 2515 1166 2576 60.
1283 2576 1284 2581 ,

159 2603 218 2657 ort.
232 2598 262 2659 8.
275 2599 381 2678 aliquis
397 2600 524 2660 sormam
542 2598 584 2658 sic
602 2596 743 2661 mutando
761 2595 897 2660 intendet
909 2594 1004 2657 aliurn
1015 2596 1107 2658 atum
1117 2596 1168 2659 ire·
1283 2594 1284 2617 ³

158 2678 279 2754 atraere,
296 2681 351 2762 qui
367 2696 428 2743 non
445 2683 484 2743 nit
505 2679 541 2742 ab
556 2678 686 2742 Ecclesia
704 2699 764 2743 rere
787 2690 850 2750 tua,
873 2684 946 2761 paria
969 2699 1031 2743 nore
1051 2679 1168 2742 videtur
1283 2714 1284 2759 p

159 2762 238 2845 prend
255 2763 389 2826 intererint
405 2761 501 2844 (urere
519 2763 552 2825 iel
572 2762 650 2842 praeci
668 2764 743 2845 facit
783 2762 892 2826 eclesia.

197 2846 273 2906 llinc
294 2849 317 2909 1.
340 2847 438 2926 quoad
463 2847 654 2907 recitationem
678 2849 839 2909 verborum
868 2848 1018 2927 pertinet,
1041 2847 1166 2908 variatio

158 2929 344 2992 accidentalis
357 2938 419 3002 est,
434 2932 462 2991 1.
480 2930 504 2990 si
517 2938 650 2991 mutatur
664 2931 791 3004 idioma,
805 2940 839 2991 ut
853 2933 1050 2992 communiter
1062 2950 1167 2993 omnes

159 3018 282 3089 docent,
302 3008 363 3077 imo
381 3015 463 3097 Lupo
481 3013 510 3075 ri.
532 3014 561 3076 0.
583 3032 614 3075 n.
634 3017 792 3077 l07.·con‚
809 3032 839 3096 q.
858 3017 906 3076 68.
923 3034 955 3074 n.
970 3017 1017 3076 68.
1033 3023 1062 3075 et
1073 3014 1166 3075 Croix

158 3097 179 3162 i.
193 3103 221 3163 6.
236 3118 269 3182 p.
285 3101 313 3160 1.
328 3116 358 3159 n.
374 3099 422 3159 50.
435 3116 500 3159 cana
513 3098 600 3159 Sana.
620 3096 685 3179 Graj.
702 3098 769 3158 Dic.
788 3107 816 3158 et
826 3096 973 3178 Arriepo,
987 3098 1090 3157 dieunt
1109 3096 1166 3157 hoc

158 3183 333 3262 procedere,
345 3183 458 3244 etiamsi
481 3183 568 3262 plura
586 3180 723 3243 idiomata
746 3181 779 3241 in
800 3179 934 3242 eamdem
952 3182 1080 3242 sormam
1094 3198 1164 3240 con-

157 3265 322 3341 flarentur3
342 3267 410 3344 quia
430 3265 499 3328 ticet
516 3274 588 3329 tunc
606 3265 769 3344 propositio
788 3282 849 3324 non
864 3262 998 3324 rideatur
1013 3263 1166 3323 moraliter

157 3349 347 3425 significativa
361 3348 439 3426 apud
451 3349 603 3422 homiues,
622 3349 654 3409 in
671 3349 857 3409 sacramentis
875 3355 973 3409 tamen
993 3364 1053 3407 non
1065 3345 1165 3424 requi-

157 3432 236 3490 ritur
258 3438 293 3490 ut
315 3432 456 3506 audiens,
476 3433 525 3494 vel
546 3441 580 3493 ut
603 3433 753 3512 proferens
775 3430 865 3492 rerba
888 3428 1053 3508 intelligat,
1074 3426 1163 3488 moun

158 3527 244 3569 vocas
257 3531 312 3589 per
326 3531 357 3571 se
368 3516 429 3575 sint
440 3514 656 3594 significativae,
669 3526 699 3576 et
713 3518 774 3595 ipse
786 3515 859 3576 velit
871 3514 903 3574 id
915 3512 1071 3592 significari
1084 3511 1164 3589 quod

158 3587 287 3653 Christus
299 3596 437 3658 intendit.
454 3601 614 3676 Praeterea,
627 3598 706 3660 raeti
720 3606 803 3660 notat
814 3596 903 3661 Croix
913 3615 979 3658 carn
991 3597 1052 3670 So,
1065 3590 1160 3656 Truil.
