2602 4198
193 211 251 272 580
406 211 470 276 lib.
485 215 514 274 6.
531 216 628 275 Troet.
639 216 668 277 9.
685 211 972 296 Decoofirmotiooe.

582 389 811 454 Undcresotoes:

235 553 377 615 asnaa
399 551 509 614 subicit
527 552 623 615 solum
642 553 823 625 balsamum,
846 559 882 614 ut
904 553 998 616 voluit
1016 558 1201 637 Contemnes
1288 558 1289 623 ἐ

191 661 205 690 o
228 637 324 698 solum
336 638 451 709 oleum,
462 649 497 699 ut
507 640 665 699 voluerunt
677 638 743 719 Coj.
753 638 816 700 Sat.
830 639 909 699 Noo.

228 724 348 784 Certum
369 733 413 783 est
431 723 529 784 oleum
554 742 615 784 esse
631 724 669 785 de
686 725 1062 798 necessitatesacramenti‚
1078 746 1116 791 cx
1129 748 1197 812 cop.
1288 722 1289 725 '

189 803 288 867 ultim.
301 809 480 868 Decocrom.
493 816 574 869 unet.
589 817 618 868 ct
629 828 665 869 cac
676 810 762 869 Dcor.
772 810 887 887 b'opeo.
901 812 920 869 1
923 811 958 871 V.
969 818 1005 870 ut
1018 807 1113 872 satm.
1125 813 1197 876 ibid.

189 910 214 951 e.
228 893 257 951 9.
274 910 307 951 o.
322 894 351 953 5.
368 911 434 952 cem
442 910 545 954 comm.
560 902 588 953 et
600 891 690 954 Groo'o
708 890 729 953 l.
744 896 773 953 6.
783 899 865 973 port.
878 895 906 953 1.
920 913 953 953 n.
974 895 1043 954 5711.
1057 897 1095 955 Et
1110 897 1198 960 debet

188 991 250 1036 esse
265 976 363 1036 oleum
375 977 539 1048 olivarum,
555 987 590 1038 ut
600 978 724 1040 docetS.
744 977 846 1039 Tbom.
860 979 890 1037 5.
901 986 983 1058 port.
998 997 1050 1059 qo.
1067 982 1116 1040 79.
1136 991 1195 1043 nrt.

187 1063 217 1121 9.
231 1063 286 1121 Per
295 1061 407 1122 dictum
422 1063 631 1134 oleumcum,
647 1062 727 1140 qnod
741 1063 846 1123 nature
858 1065 910 1123 sub
925 1065 1035 1140 pingue
1048 1072 1093 1125 cst
1106 1075 1136 1125 ct
1145 1067 1198 1127 dif-

187 1143 301 1218 fluens,
316 1145 499 1222 significetur
510 1148 604 1226 gratia
615 1146 858 1225 Spiritirssaneti‚
870 1166 935 1225 quoe
945 1148 962 1207 b
973 1146 1090 1209 Christo
1101 1153 1196 1228 capite
1214 1207 1218 1213 .

187 1229 218 1288 in
235 1246 288 1289 nos
303 1229 477 1291 effunditur.
494 1232 659 1292 balsamum
674 1242 772 1291 antem
783 1226 902 1292 'certum
915 1242 958 1292 est
976 1249 1037 1293 csse
1048 1232 1087 1292 de
1097 1252 1196 1295 necm-

185 1312 271 1374 eitate
281 1316 419 1393 precepti
432 1337 441 1391 3
454 1335 492 1375 an
507 1325 605 1376 autem
625 1316 663 1375 sit
676 1317 765 1375 ctiam
777 1316 814 1375 de
824 1318 993 1375 necessitate
1005 1319 1196 1378 sacramenti?

223 1398 329 1458 Primo
341 1400 486 1461 sententio
508 1409 615 1479 neget,
632 1409 661 1460 ct
683 1399 759 1459 bane
779 1409 882 1460 tenent
902 1400 1026 1460 docenio.
1045 1408 1066 1459 t.
1082 1403 1109 1460 7.
1121 1420 1192 1482 pop.

184 1483 252 1544 908.
266 1486 349 1545 Coot.
367 1489 476 1547 Tauro.
492 1484 544 1546 loc.
556 1486 605 1546 cit.
622 1505 688 1567 cap.
705 1488 808 1545 5.(111.
822 1486 852 1544 9.
868 1484 956 1546 conci.
972 1484 1097 1554 9.,111111
1110 1489 1191 1547 Neo.
1288 1550 1289 1569 ἦ

183 1568 245 1628 Sot.
262 1567 327 1629 Vol.
338 1578 390 1630 etc.
400 1569 482 1650 epod
492 1567 585 1631 Solm.
598 1569 772 1649 deeonfirm.
784 1589 808 1630 c.
824 1570 854 1630 9.
866 1589 899 1651 p.
915 1573 945 1631 t.
955 1589 988 1630 o.
1002 1572 1031 1629 b.
1045 1572 1192 1634 etmeritb

183 1653 365 1727 probabilem
379 1662 464 1731 putat
476 1653 566 1713 Croc'oc
578 1655 900 1715 rememorantem.
913 1656 1041 1727 Averso,
1054 1662 1107 1714 cte.
1120 1657 1194 1717 Pro-

182 1737 253 1797 bant
262 1755 369 1820 excep.
378 1737 544 1801 Pectornlio
555 1738 590 1800 de
600 1758 726 1801 sacrem.
738 1759 800 1800 oon
811 1739 938 1800 iterand.
947 1741 998 1800 nbi
1012 1742 1190 1802 Inonem.

181 1822 378 1903 interrogatus
390 1820 614 1886 desubdiacono
625 1825 760 1885 ordinato
769 1823 1189 1904 sineimpositionemanuum,
1288 1862 1289 1867 κ

182 1919 212 1969 ct
223 1909 260 1969 dc
270 1911 329 1970 alio
340 1910 512 1971 confirmato
524 1912 555 1971 in
574 1911 636 1971 solo
650 1911 714 1971 oleo
724 1910 896 1983 benedicto,
913 1912 954 1969 sic
966 1909 1137 1988 respondit:
1149 1913 1190 1971 In

181 1991 289 2056 talibus
301 1991 379 2056 nibil
394 2013 452 2057 esse
469 1993 655 2071 iterandum,
667 1993 718 2057 ded
731 1996 816 2055 conte
832 1992 1029 2075 supplendum
1048 1992 1129 2075 quod
1140 1993 1192 2054 in·

179 2081 264 2141 conte
275 2078 368 2160 fuerit
386 2082 625 2162 pretermissum.
648 2078 731 2141 Unde
751 2080 795 2159 (ut
808 2078 922 2156 dieunt)
940 2079 1103 2139 balsamum
1126 2097 1189 2140 non
1288 2080 1289 2135 ξ

179 2176 223 2225 cst
234 2167 271 2226 de
287 2168 454 2226 necessitate
465 2165 656 2239 sacramenti,
674 2183 744 2229 noro
765 2162 835 2224 alias
853 2172 949 2225 totum
965 2174 1187 2224 sacramentnm
1288 2184 1289 2241 j

179 2250 280 2311 iterari
294 2251 450 2312 debuisset.
1029 2326 1033 2331 ᾖ
1288 2316 1289 2321 ¹

215 2334 347 2396 Secundo
357 2334 501 2397 sententio
514 2335 585 2397 verb
602 2336 788 2397 communior
803 2344 833 2397 et
847 2333 1028 2415 probabilior
1043 2330 1185 2407 affirmat,
1288 2342 1289 2403 1

177 2430 206 2480 ct
219 2419 296 2480 banc
316 2429 417 2482 tenent
429 2423 470 2482 D.
487 2412 878 2482 consternantem.
897 2419 931 2480 de
951 2416 1086 2497 confirm.
1108 2438 1133 2479 e.
1151 2421 1186 2482 8.

175 2523 260 2584 prop.
272 2507 300 2565 9.
306 2507 398 2567 Gooct
408 2505 438 2567 d.
453 2507 544 2565 bort.
555 2508 585 2565 b.
595 2507 684 2565 Suar.
694 2525 745 2587 qu.
754 2507 803 2566 79.
814 2504 884 2566 diat.
895 2505 944 2564 55.
955 2511 1022 2564 sect.
1035 2505 1184 2565 bPetroe.

176 2597 242 2647 tom.
255 2589 285 2648 5.
297 2606 367 2668 pap.
383 2591 449 2650 961.
466 2590 595 2650 Conona
610 2598 631 2649 t.
644 2592 673 2651 8.
686 2609 758 2670 pop.
777 2591 846 2649 901.
859 2608 891 2648 o.
908 2590 955 2649 19.
975 2585 1092 2648 Holcoc.
1107 2605 1182 2667 paq.

173 2673 222 2733 110.
236 2691 268 2731 n.
285 2675 351 2732 tot.
362 2681 391 2733 ct
403 2669 495 2733 Salat.
509 2672 580 2734 ibid.
596 2692 628 2734 n.
643 2676 673 2734 7.
688 2670 833 2734 canaPot.
848 2677 952 2753 Loym.
968 2673 1046 2731 Boo.
1059 2679 1088 2730 et
1100 2671 1183 2731 idem

173 2757 258 2819 docet
272 2755 386 2817 Cotecb.
402 2773 475 2816 rom.
489 2775 521 2818 n.
542 2758 573 2816 7.
587 2758 639 2818 ubi
658 2758 783 2821 dieitur:
799 2761 875 2818 Doce
888 2774 934 2816 res
955 2772 1099 2834 corporee
1111 2771 1183 2834 per·

172 2839 402 2917 mixtoe(scilicet
415 2841 533 2914 oleum,
548 2851 578 2901 et
589 2842 763 2920 balsamum)
779 2839 1010 2921 confirmationis
1022 2838 1183 2898 materiem

170 2924 309 3006 prebent.
323 2925 468 2984 Probatur
482 2926 511 2984 1.
523 2943 558 2984 ex
565 2925 681 2993 decreto
693 2926 822 3007 Enpcna'c'
831 2929 849 2985 1
852 2927 888 2987 V.
905 2924 1065 3003 approbato
1077 2922 1094 2983 b
1107 2941 1183 2982 con·

170 3011 239 3069 cilio
252 3009 421 3069 Florentino
432 3009 484 3069 ubi
498 3008 609 3069 dictum
622 3010 695 3080 fuit,
707 3013 860 3070 materiam
871 3008 1104 3070 confirmationis
1114 3024 1180 3067 csse

169 3095 297 3154 chrisma
309 3091 468 3172 confractum
480 3112 515 3153 ee
535 3091 594 3155 olco
602 3139 612 3170 ,
633 3102 661 3154 et
677 3092 816 3155 balsamo.
830 3098 990 3171 opponunt
1003 3101 1106 3150 contra
1119 3089 1180 3152 hoc

117 3256 121 3261 ν
169 3178 319 3240 decretum
335 3180 418 3239 Cont.
444 3182 557 3239 Tourn.
576 3178 609 3237 in
626 3178 752 3259 append.
772 3178 807 3239 de
823 3175 974 3252 conciliis,
991 3185 1020 3237 et
1040 3174 1179 3249 Habere,

168 3261 335 3339 qnbd‚eirm
348 3261 422 3322 iliud
441 3263 599 3323 formatum
614 3263 687 3334 suit,
704 3264 860 3323 concilium
871 3261 933 3338 jam
951 3268 1015 3320 erat
1026 3261 1179 3332 solutum,

166 3346 203 3405 ab
215 3353 249 3404 eo
264 3348 342 3405 enirn
356 3347 417 3423 jam
430 3347 619 3425 discesserant
630 3347 764 3425 Episcopi
779 3347 870 3405 Gracci
887 3363 954 3404 eum
973 3362 1026 3403 suo
1043 3345 1181 3420 Impere-

166 3435 253 3498 tore‚
278 3428 363 3489 finito
381 3432 497 3508 negotio
520 3430 638 3490 unionis
659 3449 719 3490 suae
737 3431 869 3490 Ecclesiae
889 3448 957 3488 curn
979 3429 1093 3487 Latina.
1116 3426 1180 3486 Sed

165 3508 321 3596 respondet
332 3511 480 3572 Petrocor.
496 3521 517 3572 t.
535 3515 562 3571 5.
582 3531 655 3594 pop.
672 3508 741 3574 969.
768 3532 828 3574 non
844 3511 911 3573 ideb
927 3512 1045 3572 desiisse
1060 3506 1179 3578 'eonci-

165 3584 237 3641 bnm
249 3629 257 3656 ,
270 3588 338 3650 cinna
352 3593 443 3654 Gracci
462 3598 664 3657 consenserint
682 3598 714 3658 in
724 3597 975 3657 continuationem
985 3594 1101 3655 concilii
1111 3628 1126 3668 ‚·
1142 3595 1177 3654 in

1288 2982 1289 3029 1

1287 3032 1289 3065 t

1288 3946 1289 3989 t
