2576 4168
271 220 345 298 Cup.
356 218 384 274 9.
398 216 440 274 De
454 211 857 274 616166666666.176161.
873 214 936 274 slat.
954 218 982 274 1.
1093 219 1130 276 ab

121 338 214 392 cecc,v
227 319 286 387 scd¹
303 314 460 375 secundans
481 331 541 372 non
570 312 783 389 improbamus,
794 316 883 372 Notat
896 316 1052 393 Lupauuau
1066 315 1086 373 ί.
1098 322 1127 378 d.

121 416 194 464 666.
204 405 237 462 7.
247 420 274 461 6.
287 401 318 459 8.
332 417 364 456 6.
382 398 412 455 l.
428 395 462 454 iu
474 395 551 474 fiac,
565 394 645 472 qudd
657 394 767 455 babens
781 407 967 472 personatum
983 414 1049 459 cuna
1061 402 1128 461 cuca

121 490 153 546 iu
166 485 309 559 Ecclesia,
328 479 403 540 banc
425 489 522 556 potest⁴
541 480 631 538 etiaua
647 478 757 540 habire
770 480 879 538 ibidem
905 485 1104 544 canonicatum
1118 530 1125 553 ‚

120 571 168 626 cui
178 564 354 645 manubialis
368 563 491 621 Ecclesia
506 581 617 622 astucia
636 571 696 637 cst,
712 572 742 623 et
758 582 846 640 quam
862 582 914 641 pen
927 565 1067 626 vicarium
1077 568 1127 627 ad-

119 653 293 710 ministrare
311 647 418 716 debet,
432 663 468 705 cx
483 663 507 705 6.
522 648 616 724 Super
626 644 673 717 eo,
686 644 721 704 dc
733 644 826 724 psoeb.
840 647 873 706 iu
886 650 915 707 6.

155 736 303 792 aroteras
317 729 481 793 notandum
496 726 670 791 causum.
685 726 758 790 ibid.
774 748 806 788 6.
818 732 887 790 666.
901 728 1040 813 etatettp
1050 736 1125 817 App.

120 818 155 878 dc
171 825 254 877 statu
276 812 344 874 cler.
361 831 393 891 p.
412 813 481 872 118.
500 831 532 872 6.
558 815 587 872 6.
607 811 688 890 qudd
711 812 743 872 in
766 813 865 890 aliquo
893 832 960 874 casu
986 817 1128 880 evidentis

121 900 317 967 6666661666,
332 899 393 955 sive
417 895 553 955 utilitatis
573 892 705 956 llccles'isc
728 905 823 973 posset
845 899 921 975 Papa
939 899 1126 978 dispensare,

120 994 153 1044 ut
167 984 272 1061 aliquis
282 980 417 1043 obtineat.
430 979 514 1055 plura
533 978 702 1054 hujusmodi
717 979 858 1039 bcucficiu
878 984 1127 1060 incompatibilia,

120 1070 324 1132 ctiamcurata‚
334 1072 424 1141 prout
436 1060 594 1142 Greport'us
603 1063 734 1140 Mepuus
749 1063 843 1122 seclus
855 1066 1127 1142 paaelccisscMarti·

120 1170 206 1218 aaut,
218 1144 384 1208 Pauliueuu
393 1189 401 1217 ‚
410 1153 440 1205 ct
449 1142 525 1204 ulios
541 1143 655 1203 duobus
666 1145 890 1221 episcopatibus.
902 1147 993 1225 quue
1001 1160 1078 1227 patet
1090 1171 1125 1210 cx

120 1234 199 1293 l'rid.
215 1241 284 1291 sesa.
302 1230 332 1288 7.
351 1247 417 1308 cup.
435 1231 463 1287 5.
483 1227 619 1287 Diximus
629 1245 700 1286 6666
717 1227 855 1289 evidentis
869 1231 1061 1299 seccessitatis,
1084 1230 1126 1292 eci

118 1316 257 1377 caliditatis
265 1360 274 1389 ,
291 1331 360 1372 nam
375 1311 448 1370 aliis
458 1310 569 1371 babens
583 1311 668 1389 plura
681 1310 851 1386 hujusmodi
862 1313 1004 1373 beneficia
1015 1359 1023 1386 ‚
1036 1318 1125 1376 ctiam

119 1420 184 1462 cum
200 1397 419 1477 dispensatione
430 1395 600 1465 Pontificio,
617 1414 677 1456 non
699 1396 757 1454 erit
781 1404 863 1457 tutus
879 1398 911 1456 in
927 1394 1121 1468 conscicntia,

118 1482 248 1544 6666615
260 1478 364 1542 dicunt
377 1476 472 1541 Sata.
486 1476 540 1541 loe.
553 1480 602 1540 cit.
616 1498 682 1539 caut
695 1476 838 1540 Belicam.
852 1483 996 1542 Pauorm.
1010 1485 1084 1565 Wip.
1096 1493 1124 1545 et

122 1567 212 1630 Tulei.
467 1580 470 1588 ’
650 1564 652 1569 ’

153 1654 225 1712 117.
236 1685 275 1696 -
290 1647 344 1731 llic
361 1658 473 1711 autem
486 1666 591 1726 magua
612 1650 739 1708 vectitua
755 1652 895 1726 quadiu,
916 1668 952 1711 aa
971 1654 1120 1730 pluralitas

114 1737 324 1798 beneficiorum
334 1733 374 1795 sit
389 1735 479 1794 vetita
491 1749 551 1791 nou
564 1731 659 1794 sulum
674 1731 785 1810 dejure
799 1735 957 1810 canonico,
969 1736 1019 1796 scd
1032 1739 1120 1799 ctiam

114 1820 278 1881 naturali?

153 1902 259 1964 16666
269 1902 413 1977 muntia
425 1908 511 1978 negat
521 1918 588 1960 oum
598 1903 702 1962 16666.
715 1901 748 1961 iu
758 1919 783 1962 c.
795 1898 913 1978 Fiueli,
923 1900 957 1963 de
980 1901 1048 1964 cler.
1059 1922 1119 1967 666

112 1986 204 2050 occid
216 2006 252 2047 6.
273 1988 303 2045 1.
321 1994 350 2046 et
363 1984 397 2045 ia
413 2003 439 2045 6.
467 1983 541 2044 Celsa
551 1983 620 2064 jum
646 1983 782 2057 dudum,
796 1984 1030 2067 dependendis,
1048 1993 1118 2052 item

111 2068 233 2137 Filliue.
249 2071 329 2149 Lupe
344 2066 426 2150 apud
439 2065 531 2127 Saltu.
556 2068 591 2128 dc
605 2067 699 2146 benef.
718 2067 818 2129 ecclc.
841 2070 920 2130 uuio.
934 2090 966 2150 p.
986 2074 1031 2132 16.
1047 2073 1072 2152 §.
1087 2076 1116 2132 5.

112 2178 146 2218 6.
157 2158 227 2216 656.
249 2162 278 2214 et
296 2156 364 2215 657.
385 2161 414 2212 et
438 2150 510 2215 Vct·
524 2151 593 2213 Led.
623 2151 728 2215 Tusca.
747 2151 860 2231 Rebuff.
885 2162 937 2212 etc.
955 2166 1006 2230 up.
1031 2157 1119 2218 cruia

112 2241 135 2303 i.
148 2242 179 2301 1.
192 2258 228 2300 6.-
237 2239 306 2299 902.
324 2238 398 2312 Quia
412 2281 420 2307 ‚
441 2244 475 2294 ut
493 2235 596 2295 dicunt
608 2279 617 2308 ‚
631 2236 655 2294 ai
669 2234 724 2295 hoc
737 2244 812 2294 essct
823 2243 923 2294 contra
935 2234 1116 2310 jusanum,

113 2329 190 2403 l‘apa
216 2340 279 2384 nan
304 2321 488 2398 dispensaret
503 2321 543 2378 ita
564 2319 735 2396 frequenter
754 2319 786 2378 iu
802 2315 856 2376 hae
874 2318 1061 2396 pluralitate,
1086 2333 1118 2384 ut

110 2408 245 2469 videmus
261 2422 323 2466 aesc
335 2406 367 2463 in
380 2402 603 2463 consuetudine.

145 2490 280 2555 8666666
301 2487 447 2550 maneto
468 2486 563 2557 acab,
592 2503 681 2564 quana
711 2495 809 2548 teuent
839 2489 923 2548 Colat.
950 2490 1060 2549 7666,
1082 2491 1116 2556 da

108 2572 225 2654 batalia.
236 2575 340 2653 cupi.
350 2580 410 2632 art.
420 2575 450 2631 6.
468 2569 1113 2653 6166616666.6611666666668666.

107 2657 179 2721 ibid.
194 2675 227 2716 6.
242 2659 311 2716 655.
337 2651 469 2715 absoluta
484 2652 612 2713 affirmat
626 2661 686 2713 tam
699 2654 737 2714 dc
764 2654 914 2715 beneficiis
929 2655 1113 2738 duplicibus,

105 2742 197 2820 quiam
210 2739 404 2818 simplicibus.
415 2737 519 2808 Ratio,
531 2735 596 2798 tiam
609 2739 678 2814 quia
691 2740 796 2816 nequit
809 2757 885 2798 unus
898 2740 1013 2802 duabus
1024 2747 1116 2806 Eccle-

104 2828 156 2889 siis
169 2826 241 2891 satis
252 2821 512 2892 beniadeseavire,
526 2818 592 2880 tuin
607 2823 675 2898 quia
692 2823 816 2882 intentio
839 2823 1030 2886 fundatorum
1048 2831 1115 2888 talis

105 2918 218 2979 cst;·ut
237 2909 336 2986 plures
358 2908 436 2977 siat,
451 2907 503 2982 qui
519 2905 651 2964 Ecclesiis
666 2906 847 2982 inserviaut3
862 2917 893 2968 et
908 2909 976 2970 ideo
993 2911 1113 2988 plurali·

65 3051 73 3056 .
106 3004 196 3055 tutem
208 2991 420 3052 beneficiorum
431 2989 533 3049 dicunt
545 2989 635 3048 laissa
646 2990 780 3069 expressi
796 2992 962 3053 damnatam
978 3014 1014 3053 cx
1029 2997 1110 3056 Tria.

103 3092 174 3137 seua.
194 3073 296 3136 al.-de
311 3071 378 3153 lies.
390 3093 415 3134 6.
431 3076 479 3133 17.
494 3070 545 3132 ubi
556 3073 597 3133 sic
612 3076 757 3135 sancitum
767 3075 823 3135 luit
837 3098 845 3133 z
860 3076 933 3136 Calue
945 3074 1112 3136 ecelesiasti-

103 3176 155 3219 666
167 3157 239 3219 ordo
257 3165 461 3238 perticatuittr,
478 3154 598 3236 quaudo
621 3176 701 3220 6666
719 3155 854 3238 plut-ium
878 3155 976 3236 officio
992 3169 1113 3240 occupat

102 3239 292 3315 clericorum,
308 3241 407 3301 666616
428 3239 521 3302 sacris
540 3241 699 3303 capacibus
717 3249 838 3300 cautum
864 3239 924 3317 (etit
934 3284 944 3314 ‚
969 3241 1111 3303 ueutt'ueut

102 3327 233 3403 oportere
250 3326 284 3385 ia
302 3323 419 3385 daubus
437 3321 573 3385 Ecclesiis
588 3323 726 3385 adscribi.
747 3323 1012 3400 Verituevquouiout
1023 3324 1112 3388 multi

103 3407 244 3487 improbae
262 3406 435 3488 cupiditatis
461 3408 567 3486 affectu
582 3409 706 3485 seipsos,
726 3422 787 3464 666
804 3406 901 3463 Deum
919 3404 1109 3488 decipientes,

102 3508 137 3549 cu
151 3508 218 3569 quta
229 3489 299 3552 betti
317 3491 476 3552 constitute
489 3497 577 3561 suut,
588 3487 680 3548 coriis
697 3487 810 3551 ostibus
827 3485 967 3563 illudere,
984 3499 1011 3552 ct
1021 3491 1110 3573 pluro

102 3571 195 3634 siau-td
204 3573 345 3657 beneficia
359 3574 486 3637 statua-e
499 3593 559 3636 666
573 3569 742 3637 66666661
753 3616 760 3644 ,
771 3578 877 3635 ‘screatu
889 3575 1110 3658 Spttotlusdeli

166 3674 171 3688 '
914 3661 956 3718 5..
