2610 4186
157 188 216 255 aab
305 192 370 255 lib.
385 194 414 255 b.
433 195 528 255 Trnet.
546 195 574 254 l.
589 194 634 254 De
648 195 839 255 sacramentis
851 196 884 255 in
894 210 1005 276 pectere.

154 292 250 363 verit,
269 291 363 353 urultd
375 293 466 371 magis
483 293 508 351 is
526 293 665 372 probatus
680 292 790 353 censeri
811 291 898 353 debet
915 295 967 371 qui
983 313 1036 374 per
1052 298 1165 376 speria-

155 376 213 437 lem
227 377 280 436 Dei
298 378 422 455 gratiam
440 375 605 437 vehementi
619 378 796 438 contritione
808 376 960 439 manifesti
970 393 1163 457 compunctus

153 466 207 520 est.
232 460 416 521 Diuturnitas
439 461 579 539 temporis
605 460 671 523 ideb
686 460 832 521 sufficiens
856 460 988 522 creditur
1007 464 1161 542 probatio,

155 544 222 621 quia
242 545 359 621 siguum
383 553 426 603 est
446 545 540 606 firmae
563 545 722 605 voluntatis
748 544 1079 622 poeniteutis3attameu
1102 567 1161 610 nou

153 625 222 687 narb
241 628 359 686 evenire
382 629 477 700 solet,
494 627 572 704 qudd
598 628 704 705 aliquis
724 629 813 688 etiam
832 627 920 706 longo
938 637 1072 707 tempore
1094 632 1159 693 sed

154 710 232 770 vitiis
255 728 310 790 pro
329 712 433 772 mundi
458 710 546 787 hujus
561 711 714 772 honestate
737 713 887 772 contineat
901 712 996 791 (juxta
1013 715 1104 776 verba
1127 709 1158 778 S.

155 795 318 877 Gregorii„
338 796 386 856 sed
405 795 511 856 borum
533 797 625 873 magis
652 806 695 855 est
714 795 863 856 timendus
890 798 1045 874 relapsus,
1071 800 1159 878 quim

153 896 256 939 eorum
267 881 318 958 qui
329 880 415 939 talem
428 879 614 939 contritionis
627 881 750 958 gratiam
763 879 955 940 ostenderunt
967 924 975 952 ,
986 888 1023 941 ut
1032 884 1161 960 prudens

153 963 341 1025 confessarius
355 961 464 1023 directi
474 965 709 1023 eosvoluutatcm
719 964 887 1025 immutasse
900 972 1070 1043 cognoscat3
1082 969 1161 1029 unde

151 1048 230 1111 recti
252 1050 427 1128 prudentem
450 1068 483 1108 oo
504 1049 653 1109 innodatam
670 1067 750 1128 spem
771 1049 926 1126 concipere
945 1051 1057 1128 possit,
1081 1052 1161 1129 qudd

153 1135 369 1212 promovendus
393 1134 501 1193 auxilio
516 1133 754 1211 divinaegratioe,
772 1139 802 1191 ct
815 1132 918 1192 mediis
935 1151 1001 1209 quae
1020 1133 1161 1197 adhibdro

152 1218 214 1295 ipse
236 1218 407 1297 proposuit,
432 1219 593 1277 castitatem
620 1217 767 1288 servabit,
784 1214 868 1291 juxta
895 1216 969 1276 illud
992 1217 1160 1279 Tridentini

154 1299 198 1380 (in
211 1319 237 1363 e.
248 1301 298 1362 eit.
313 1301 373 1379 ld.)
385 1326 395 1362 .·
409 1299 470 1377 Qui
485 1308 619 1381 sperent,
636 1304 698 1361 Deo
711 1307 847 1372 erectore,
863 1317 893 1360 se
905 1299 1159 1383 continerexposse.

190 1385 224 1446 ld
243 1395 286 1446 sat
306 1386 497 1446 confirmatur
520 1384 583 1446 tiam
603 1384 619 1444 d
644 1382 826 1456 Pontificali,
848 1381 912 1444 tiam
938 1383 955 1444 d
978 1384 1160 1445 Catcchismo

150 1472 333 1531 romonolo
349 1469 509 1529 concinenti
534 1470 614 1528 onim
633 1467 781 1538 babetur,
801 1466 882 1545 qudd
904 1468 1062 1546 Episcopus
1084 1471 1182 1530 allo·-

150 1571 243 1630 quens
257 1553 414 1614 initiandos
433 1552 468 1611 od
486 1553 727 1615 subdiaconatum
740 1596 748 1624 ,
761 1552 803 1611 sic
819 1551 892 1610 dicit
904 1573 912 1610 ε
930 1551 1066 1632 Sinopae
1079 1572 1159 1614 nane

149 1633 251 1717 [urstis
266 1635 357 1713 ebrii,
375 1634 479 1696 numdi
494 1635 586 1697 sobrii
598 1660 608 1695 .-
622 1636 651 1697 si
660 1653 750 1715 iisqne
769 1653 849 1696 curte
867 1634 1015 1696 inhonesti
1022 1682 1032 1713 ,
1053 1636 1157 1699 ornodd

149 1722 233 1781 resti.
258 1722 405 1781 Notentur
423 1720 533 1789 verba,
556 1720 584 1780 ai
604 1738 695 1799 aspere
721 1737 821 1796 retine,
845 1719 883 1779 ad
909 1720 1155 1797 significandum,

150 1800 229 1882 qubd
250 1801 337 1862 hodie
364 1822 424 1864 non
445 1803 572 1863 excludit
597 1804 719 1862 Ecclesia
745 1820 814 1875 eos,
839 1804 889 1880 qui
905 1800 980 1862 lorti
1005 1805 1155 1881 usquead

150 1895 265 1966 tempus
288 1888 482 1948 ordinationis
498 1887 609 1948 luerint
626 1885 790 1957 inhonesti,
809 1886 898 1947 modb
916 1885 1042 1946 babeant
1065 1889 1154 1948 talem

149 1972 246 2033 cordis
264 1974 507 2045 conversionem,
532 1991 597 2053 quoe
626 1973 703 2050 ipsos
725 1971 828 2031 reddat
851 1971 954 2048 dignos
975 1988 1035 2030 uon
1057 1970 1154 2032 solirm

149 2055 339 2118 absolutionis
356 2056 516 2130 beneficio,
534 2057 584 2117 scd
607 2057 695 2116 etiam
707 2055 780 2115 socri
803 2054 914 2115 ordinis
927 2054 1037 2132 gradu,
1052 2055 1076 2114 si
1091 2057 1155 2114 siue

150 2139 290 2220 temporis
310 2141 483 2219 probatione
502 2141 538 2201 ad
562 2159 629 2201 eum
660 2140 815 2200 ascendere
838 2139 947 2209 velint,
967 2137 1051 2215 juxta
1078 2139 1155 2200 illud
1240 2176 1243 2187 ·

150 2224 227 2303 quod
247 2224 412 2298 scripsitl).
423 2222 577 2286 dnsclmns
593 2222 625 2305 (l.
641 2227 669 2284 l.
681 2224 764 2305 epist.
780 2221 840 2300 56.)
857 2245 868 2283 .·
888 2223 948 2282 Nec
963 2220 1047 2301 apae
1057 2223 1155 2282 mam

149 2306 322 2387 reprobatur
332 2304 461 2388 officinm
475 2305 604 2389 alicujus
615 2316 737 2389 propter
750 2302 868 2387 culpem
887 2322 981 2384 qinom
998 2303 1059 2385 ipse
1069 2306 1155 2385 ipno·

148 2389 218 2451 seit:
231 2409 282 2452 neo
297 2390 379 2470 aprrd
391 2390 521 2455 bornines
535 2391 723 2453 dedecoratur
734 2390 812 2452 sacri
824 2387 936 2451 ordinis
945 2387 1154 2470 dipnitaspro·

76 2532 79 2539 .
145 2480 211 2555 pter
222 2492 397 2555 personam,
423 2476 509 2558 erp'cm
522 2476 582 2558 ipsi
595 2483 743 2558 peceatum
755 2491 815 2535 nora
834 2480 1006 2554 manarunt.

186 2558 328 2618 ida-ln
342 2559 522 2621 catechismo
539 2571 638 2620 nutem
657 2577 780 2620 romano
800 2557 846 2636 (de
858 2575 934 2618 saer.
951 2555 1015 2619 ord.
1035 2577 1069 2618 re.
1089 2558 1152 2640 51.)

147 2639 244 2719 primb
264 2641 306 2701 ibi
326 2643 453 2715 dieitur,
468 2644 547 2721 qudd
567 2644 727 2704 initiandus
741 2645 773 2704 iu
791 2644 880 2704 saeris
898 2642 1154 2721 morumintegri·

147 2734 236 2786 tatem
258 2725 435 2803 magnopere
457 2729 626 2806 praeseierre
647 2729 762 2789 debeat.
786 2727 899 2787 Deinde
913 2726 1050 2798 additur,
1070 2727 1153 2804 quiid
1243 2788 1250 2794 ,

147 2806 180 2870 e'a
193 2808 265 2869 vitia
285 2809 433 2887 corporis,
449 2828 514 2887 quoa
538 2812 569 2871 in
593 2813 685 2871 reteri
704 2814 766 2889 lege
779 2810 913 2872 hominos
932 2810 969 2870 ab
982 2810 1080 2870 altaris
1093 2813 1154 2869 uri-

146 2892 268 2954 nisterio
279 2893 490 2964 excludebant,
505 2892 593 2953 bodie
606 2896 636 2953 iu
652 2910 725 2954 nora
734 2897 797 2973 lego
810 2894 951 2973 evangelii
961 2894 1152 2972 intelligenda

144 2975 249 3037 siutde
261 2975 341 3034 vitiis
356 2976 460 3035 auiucae
474 2995 538 3055 qinac
553 2976 686 3037 homines
700 2981 848 3057 repellunt
857 2979 894 3037 ab
911 2977 1048 3036 ordinum
1058 2995 1155 3037 sacro·
1179 2992 1183 3003 ⁸

144 3078 212 3121 rum
224 3061 416 3138 susceptione.
428 3062 463 3120 Et
482 3058 531 3120 hio
543 3061 644 3122 sedulb
657 3061 889 3133 advertendum,
906 3059 985 3138 qubd
999 3061 1078 3120 inter
1089 3079 1153 3120 cor·

145 3144 260 3223 poralcs
274 3143 403 3204 delectus
415 3144 446 3203 iu
457 3144 521 3221 loge
540 3147 661 3223 antiqua
674 3154 873 3223 computatum
884 3145 941 3204 iuit
951 3144 1056 3203 vitium
1065 3144 1152 3203 invo-

143 3237 244 3287 terotae
261 3228 389 3302 scabiei,
411 3234 446 3287 ut
470 3229 580 3308 legitur
591 3231 622 3288 iu
637 3231 754 3289 levitici
765 3248 790 3289 c.
802 3230 852 3289 nl.
865 3225 908 3302 Ji.
933 3229 983 3288 20.
997 3225 1033 3304 Si
1045 3226 1150 3308 jopem

143 3310 284 3383 scabiem,
303 3319 355 3375 etc.
374 3311 458 3386 Quod
481 3314 678 3372 communiter
693 3314 903 3390 iuterpretatur
920 3312 978 3386 pro
995 3311 1067 3370 v'itio
1081 3311 1153 3369 libi-

143 3392 237 3464 dinis,
251 3402 286 3452 ut
298 3396 443 3472 explicant
453 3397 494 3455 D.
508 3395 724 3475 Hieronymus,
747 3405 776 3454 et
786 3398 826 3454 D.
842 3394 1008 3474 Greporius.
1020 3392 1150 3453 Demdm

144 3475 509 3549 Cateebismuseoncludit,
522 3478 600 3555 qudd
612 3478 877 3555 promovendi,qui
886 3475 1055 3551 hujusmodi
1067 3475 1149 3534 vitiis

144 3556 255 3614 suerint
267 3560 455 3624 contaminati
468 3602 476 3631 ,
487 3567 627 3622 tenentur
638 3558 721 3636 juxta
734 3571 907 3639 praesentem
919 3559 1050 3622 necteus
1060 3558 1151 3621 disei-

1288 1270 1290 1351 l
