2620 4176
310 259 384 339 Cup.
401 257 432 318 5.
443 244 796 337 Deoffieio‘s'oeculuriuut.
809 252 889 317 out.
905 257 935 316 6.
1063 253 1116 317 797

116 351 230 426 eruut.
242 364 347 424 ooutm
360 358 468 421 Sensit.
486 350 515 420 et
532 352 630 435 ulios,
646 357 760 435 requiri
785 353 906 417 omuino
929 354 1029 414 sellem
1047 355 1120 415 duos

116 457 224 520 testes,
249 447 320 525 quia
338 445 415 505 lama
434 445 640 524 religiosorum
656 444 718 503 non
740 443 828 503 debet
844 437 943 500 minus
960 440 1118 511 aestimari,

118 528 296 613 qulm'ibma
310 529 503 590 secularium.
514 530 565 589 tv,
577 528 760 589 Credendum
768 536 812 587 est
821 524 936 586 officiali
949 524 1066 602 publico
1082 533 1120 584 tc·

117 613 254 675 stifie'anti
277 613 316 674 de
337 614 436 692 aliquo
455 613 580 673 erimine
600 612 679 689 levi3
706 610 790 671 souis
814 610 852 670 de
874 613 967 686 gravi·
995 607 1119 672 Burbos.

118 697 260 760 tarinae.
278 706 332 760 ete.
354 716 422 758 ottus
440 695 533 759 Suim.
549 704 588 757 tr.
605 696 653 758 aa.
669 715 695 756 c.
717 698 746 756 5.
760 714 792 775 p.
808 696 838 755 2.
856 713 888 754 u.
906 697 956 754 56.
978 697 1014 756 Et
1041 696 1120 768 idem

119 780 219 846 dicunt
242 783 279 844 de
294 782 390 863 perito
400 785 431 843 in
442 791 585 861 suusne,
604 800 633 842 v.
648 800 678 859 g.
691 778 715 839 sl
728 780 857 840 modicus
868 781 1120 840 testificeturmor·

118 881 177 933 tem
198 868 322 946 alicujus
341 876 488 929 ‘causatum
512 860 636 947 luisse‘e
653 866 785 945 uulnere.
800 861 938 924 Solinuut
959 862 1048 924 tt.2·n
1060 861 1118 941 fin.

117 970 182 1014 utut
199 950 279 1015 otiis.
291 952 329 1011 V.
341 952 449 1013 Unicus
466 952 545 1011 testis
563 951 686 1029 probat,
700 944 923 1026 quondoagitur
947 949 984 1008 de
1002 948 1121 1010 lesione

116 1037 238 1097 minori.
254 1032 348 1097 nait.
364 1034 454 1097 Gobr.
467 1032 559 1096 Seius
582 1030 654 1093 ibid.
668 1052 701 1092 u.
720 1034 769 1092 57.
787 1033 833 1091 Sic
845 1035 932 1092 otiam
948 1033 1053 1109 probat
1077 1031 1120 1091 iu·

116 1128 230 1197 terpres
243 1122 365 1196 alicujus
381 1121 488 1197 linguae
499 1120 624 1193 ignotae,
639 1118 680 1177 sic
699 1117 787 1175 etiam
803 1117 908 1194 probat
918 1133 1058 1194 persono,
1071 1114 1119 1175 eui

114 1204 252 1263 standum
264 1204 338 1264 dixit
353 1212 474 1262 testator
495 1203 527 1262 in
549 1220 602 1261 suo
626 1209 809 1260 testamento.
828 1201 935 1261 Unicus
950 1217 1067 1278 quoque
1082 1209 1121 1260 te·

114 1288 168 1347 stis
186 1288 293 1365 probat
316 1284 501 1347 miraculum.
523 1285 617 1347 Suim.
638 1286 688 1346 cit.
705 1304 739 1345 u.
760 1286 809 1344 57.
821 1280 864 1347 ’ἐκ
877 1282 933 1366 fin.
956 1301 1022 1345 cum
1039 1280 1118 1347 aliis.

154 1388 223 1449 258.
241 1386 342 1448 -Sed
354 1389 498 1465 quaeritur
513 1385 563 1448 hic
575 1433 583 1461 ,
597 1387 622 1451 si
635 1405 712 1449 unus
735 1386 818 1447 testis
844 1386 971 1467 deponat
995 1386 1033 1450 de
1058 1404 1119 1448 uua

114 1472 318 1551 propositione
339 1470 494 1544 haeretica,
509 1479 540 1531 et
552 1470 626 1532 alius
641 1472 678 1530 de
691 1472 800 1540 altera,
823 1489 860 1530 an
877 1472 924 1531 isti
943 1470 1028 1549 plene
1049 1489 1119 1551 pro·

114 1557 188 1617 beut
214 1558 343 1637 aliquem
366 1573 428 1614 esse
453 1553 625 1614 haeroticum
640 1560 656 1613 7
670 1556 754 1616 Gom.
783 1554 930 1625 Barbas,
963 1565 1015 1617 ete.
1038 1558 1120 1617 offir-

114 1647 199 1702 maot
208 1641 334 1721 probare
346 1639 430 1700 illum
444 1657 506 1699 esse
528 1636 698 1703 lracrcticum
712 1640 742 1699 in
754 1659 870 1718 genere.
883 1640 937 1701 Sed
952 1641 1038 1720 longi
1050 1659 1120 1720 pro·

113 1723 243 1785 babillus
253 1727 369 1786 lessius
385 1719 406 1784 7.
422 1727 451 1785 7.
464 1743 489 1784 e.
512 1724 561 1784 50.
569 1743 651 1785 uttan.
664 1726 712 1784 55.
724 1724 815 1785 Roda.
832 1721 899 1787 Viii.
912 1732 963 1785 etc.
972 1723 1065 1787 Suim.
1077 1725 1117 1787 ib.

113 1826 148 1869 a.
159 1811 208 1870 58.
230 1818 339 1890 negant
352 1812 423 1871 tales
438 1816 525 1891 testes
548 1806 642 1871 facere
665 1813 782 1887 plenam
805 1810 1029 1888 probationem,
1050 1810 1119 1872 licet

113 1892 221 1953 iaciant
233 1893 396 1980 plusquam
410 1894 612 1971 semiplenam.
626 1894 728 1963 Ratio,
743 1894 827 1970 quia,
844 1891 911 1953 ciuu
934 1912 993 1953 non
1013 1895 1119 1971 probo·

113 1983 167 2036 tur
182 1977 263 2056 prius
277 1977 393 2045 haeresis
414 1980 445 2037 in
460 1980 572 2059 specio,
603 1996 662 2037 non
689 1985 786 2055 potest
801 1976 919 2054 probari
945 1974 1062 2035 haeresis
1087 1978 1118 2037 in

112 2064 235 2142 genere.
250 2062 353 2141 Excipe
375 2074 473 2127 tamen
494 2064 606 2123 crimen
631 2060 842 2142 sollicitationis
865 2059 896 2118 in
920 2060 1117 2128 consessione,

112 2147 200 2225 quod⁸
207 2166 262 2227 per
269 2156 352 2208 testes
363 2150 524 2231 singulares
536 2146 756 2223 comprobatur,
768 2142 1010 2214 concurrentibus
1022 2152 1119 2206 tamen

112 2233 178 2292 aliis
196 2232 332 2306 indiciis,
352 2239 382 2293 et
402 2231 692 2313 praesumptionibus.
770 2229 777 2236 ’
822 2240 824 2245 ’

151 2318 274 2385 7577-
288 2320 420 2407 Ereeptis
440 2334 538 2385 autem
552 2319 868 2401 supradictisoasibus,
882 2319 918 2381 ad
934 2318 1119 2399 probandum

112 2409 332 2485 requiruntur,
356 2418 386 2469 et
411 2408 560 2468 sufficiunt
587 2406 647 2466 duo
671 2407 806 2465 testesiu
838 2424 920 2465 causa
939 2404 1116 2475 tameirili,
1195 2424 1203 2436 ·
1280 2413 1286 2423 ⁴

112 2490 202 2569 quam
211 2493 372 2564 criminali,
386 2511 421 2553 ex
438 2494 596 2557 Deuterou.
617 2509 643 2550 o.
654 2492 700 2550 77.
715 2508 743 2550 υ.
757 2491 787 2549 o.
811 2491 851 2553 Iu
873 2482 1056 2567 creditorum
1074 2486 1119 2551 uei

112 2574 204 2635 trium
214 2576 332 2637 testium
336 2574 455 2657 peribit,
466 2574 521 2654 qui
530 2571 729 2653 interficietur.
745 2576 782 2634 Et
792 2592 828 2634 ex
839 2575 930 2634 Jouu.
943 2590 969 2634 e.
978 2574 1008 2634 8.
1021 2589 1051 2632 u.
1067 2577 1116 2637 77.

111 2656 242 2720 dammam
262 2656 414 2722 homiuum
440 2659 637 2718 testimouium
662 2676 763 2719 uerum
784 2666 836 2719 est.
864 2659 968 2729 Ratio,
988 2660 1056 2738 quia
1079 2660 1117 2721 ad

111 2739 392 2805 humanasactioncs
401 2744 564 2822 probandas
577 2743 683 2803 suflicit
699 2743 843 2804 certitudo
854 2745 989 2817 moralis,
1006 2753 1118 2826 etpro-

112 2825 231 2891 babilis.
242 2829 325 2888 teas.
339 2827 393 2891 Tit.
408 2828 475 2891 M.
487 2845 515 2906 q.
529 2827 577 2885 to.
593 2846 622 2886 u.
635 2829 664 2887 2.
678 2829 756 2888 Less.
767 2829 829 2889 Sat.
842 2836 870 2889 et
886 2825 979 2889 Saltu.
990 2828 1061 2890 itia.
1081 2848 1116 2910 p.

112 2910 143 2969 5.
157 2929 191 2975 u.
207 2913 257 2975 43.
271 2912 472 2973 eouttuuuiter.
486 2902 530 2971 Ab
544 2910 599 2970 boc
609 2920 705 2973 tamen
719 2912 905 2993 excipiuntur
918 2913 1008 2989 aliqui
1023 2932 1115 2979 casus,

111 2993 144 3052 in
165 2994 276 3073 quibus
288 2994 336 3071 jus
349 2996 506 3073 positivum
522 2996 653 3073 requirit
664 2995 804 3073 majorem
815 3014 973 3055 numerum
985 2996 1115 3062 testium,

111 3093 222 3155 nempe
234 3076 271 3139 ael
285 3079 436 3159 probanda
449 3088 632 3150 testamenta,
647 3080 683 3139 ad
697 3079 876 3139 damnandos
891 3078 1061 3155 Episcopus,
1070 3078 1117 3135 vel

112 3160 255 3238 elericos;
273 3180 342 3223 nam
354 3163 389 3221 ad
402 3163 658 3222 condemnandum
666 3164 852 3241 Episcopum,
865 3161 1058 3236 requiruntur
1067 3160 1116 3218 77.

112 3251 203 3305 testes
219 3246 297 3307 etad
320 3246 576 3315 condemnandum
595 3246 774 3305 sacerdotem
792 3260 842 3301 seu
864 3243 1002 3301 clericum
1017 3243 1117 3319 requi·

112 3339 226 3391 cuntur
238 3330 344 3392 saltem
354 3329 516 3409 plusquam
528 3330 598 3390 duo.
619 3327 690 3391 Vide
703 3322 795 3387 Soim.
809 3320 881 3387 itit.
897 3342 930 3384 u.
943 3324 993 3384 ll.
1009 3333 1037 3384 et
1048 3325 1097 3384 tt.

151 3439 522 3503 utu-Praetereamus
544 3447 580 3499 ut
601 3435 688 3515 plene
708 3435 835 3513 probent
851 3434 1013 3512 requiritur
1033 3436 1057 3496 7.
1080 3439 1117 3499 Ut

110 3522 175 3583 sint
193 3523 418 3598 cumulemur
430 3584 433 3591 ,
447 3531 482 3585 ut
512 3523 689 3592 conveniant
712 3537 772 3583 uun
793 3516 889 3581 sotum
901 3518 943 3579 iu
959 3518 1118 3583 substantia

113 3605 218 3680 ostiu,
232 3605 289 3671 sed
310 3607 442 3671 stitutio
465 3605 677 3686 priucipatibus
697 3602 940 3695 circumstantiis,
953 3602 1119 3685 idestper·
