2602 4198
374 325 447 404 Cap.
463 324 494 384 2.
509 324 554 384 De
570 290 801 415 concinnatione.
815 320 895 387 Dotb.
911 326 941 385 i.
1036 393 1039 397 ,
1097 326 1154 391 '595
1223 372 1226 380 ,

147 412 223 487 litos
239 416 324 486 libris
343 416 430 483 nolio
447 416 487 502 fit
507 410 616 484 metatio
637 422 673 484 dc
693 434 839 485 mannaan
859 414 1065 506 impositione,
1088 432 1156 489 tan·

146 524 238 591 perant
258 507 385 569 motoria
407 504 581 588 adaquata,
602 514 657 568 ant
676 505 869 588 inodnqnota
888 511 1067 571 sacramenti
1087 526 1156 574 cona

143 590 337 674 firmationis.
347 592 403 652 Sed
411 592 442 652 id
452 593 532 671 quod
542 593 633 670 magis
641 594 911 670 urgct‚ctomnind
920 602 1013 655 tutam
1021 605 1153 658 nostram

144 678 321 738 sententiam
340 675 458 748 reddit,
473 685 521 737 ‚est
539 677 614 736 iilud
635 678 714 755 quod
735 695 804 738 mox
824 676 931 739 deinde
946 678 1047 739 subdit
1057 680 1154 741 Benc-

144 749 239 822 dictos
257 761 290 821 in
309 762 442 839 sequenti
461 758 488 842 S.
510 760 559 822 tn.
578 760 630 821 ubi
651 762 769 823 tradens
790 763 863 841 quid
881 764 947 827 tuta
965 766 1153 828 sentiendum

143 846 182 906 sit
195 846 233 906 de
246 846 368 905 materia
389 855 419 905 et
438 845 532 905 iorma
545 842 719 908 sacramenti
733 846 965 909 confirmationis
981 849 1012 909 in
1027 851 1151 912 Ecclesia

142 930 260 1001 detine,
277 938 367 1007 prout
380 929 421 989 ihi
432 930 627 989 summarium
640 930 770 1001 breviat,
784 930 826 991 sie
838 932 940 992 docet:
957 922 1042 1008 Quod
1053 935 1152 1014 itaque

85 1038 93 1055 2
143 1022 229 1074 cetra
247 1015 475 1076 controversiam
494 1021 556 1085 cst,
578 1013 631 1075 icoc
650 1011 770 1075 dicatur
783 1038 794 1075 .-
808 1013 952 1078 nionirinn
970 1016 1003 1076 t‘n
1023 1016 1153 1080 Ecclesia

142 1097 254 1159 Latino
275 1095 509 1179 confirmationis
527 1104 745 1159 sacramentum
764 1096 895 1179 conferri
917 1099 1048 1162 odiribito
1070 1118 1152 1165 sacra

141 1181 312 1252 caraman,
326 1181 387 1242 sive
400 1174 460 1244 oleo
477 1177 639 1252 olivarnm,
658 1179 788 1242 balsamo
808 1181 980 1256 commixto,
993 1192 1021 1244 et
1031 1182 1152 1264 obilpi·

140 1283 225 1345 scopo
245 1262 408 1339 benedicto,
422 1265 564 1346 docetoqnc
583 1265 667 1347 sipon
684 1265 778 1327 ancos
793 1283 848 1347 per
865 1271 1044 1330 sacramenti
1060 1266 1151 1329 mini-

139 1358 235 1411 strnm
246 1347 279 1409 in
288 1346 387 1428 fronto
398 1348 599 1431 suscipientis,
616 1349 688 1411 dam
704 1349 780 1410 idern
796 1349 932 1412 minister
943 1353 1050 1432 [coenon
1062 1350 1150 1431 verba

139 1432 328 1513 pronuntiat.
345 1432 394 1493 lbi·
407 1432 499 1511 igitur
517 1443 599 1494 extra
622 1434 854 1495 controversiam
871 1453 934 1495 csse
950 1436 1034 1497 docet
1053 1437 1150 1498 vaiidd

140 1524 357 1576 sacramentum
371 1517 497 1577 conierri
516 1536 584 1579 cum
602 1519 663 1577 sola
681 1517 846 1579 chrismatis
864 1518 1004 1581 unctione
1019 1520 1150 1581 adhibite

140 1618 195 1679 per
222 1617 344 1660 manum
369 1600 523 1679 Episcopi,
544 1608 574 1663 ct
599 1602 718 1663 unicam
745 1620 807 1663 csse
827 1602 954 1664 iormatn
975 1618 1062 1678 cam,
1082 1616 1149 1685 quae

140 1678 312 1744 unctionem
334 1682 503 1745 comitatur.

178 1768 236 1842 Qui
255 1774 354 1828 autem
372 1767 442 1829 huie
464 1768 655 1832 declarationi
680 1771 852 1850 dogmaticae
870 1768 1020 1835 Pontifieis
1041 1775 1073 1835 in
1094 1766 1149 1836 hae

140 1851 348 1914 constitutione
368 1860 459 1912 totam
479 1852 636 1913 Ecclesiam
661 1850 792 1914 docentis
814 1857 846 1914 in
865 1870 899 1914 re
917 1876 983 1933 quae
1004 1858 1040 1917 ad
1058 1856 1148 1919 iidem

138 1936 285 2015 pertinet,
303 1937 484 2013 acquiescere
498 1934 607 2008 nollet,
623 1937 704 1997 aliud
717 1937 845 2013 objicere
857 1953 917 1997 non
929 1948 1043 2015 posset,
1058 1940 1147 2019 qnam

139 2018 333 2089 Pontificem,
350 2020 439 2079 etiam
462 2019 514 2079 ubi
532 2016 688 2080 Ecclesiam
708 2021 816 2093 docet,
837 2038 897 2080 non
920 2038 980 2081 esse
1006 2022 1147 2084 infallibi-

137 2102 209 2162 lem.
227 2102 284 2163 Sed
300 2100 370 2162 huic
387 2100 426 2163 ita
448 2102 581 2182 loquenti
598 2104 637 2164 P.
649 2107 761 2165 Saorez
770 2149 779 2179 ,
795 2111 823 2164 ct
834 2106 872 2164 P.
887 2106 1012 2164 Bonnez
1025 2120 1147 2184 respon·

138 2184 260 2257 darent,
275 2182 354 2265 qudd
368 2182 511 2264 ejusmodi
525 2189 670 2266 oppositio
680 2189 782 2267 nequit
794 2186 984 2248 atemeritate
995 2191 1143 2259 excusari,

137 2270 200 2331 ima
214 2266 418 2332 Bellortninns
435 2268 486 2333 lib.
499 2274 529 2332 i.
545 2272 579 2333 dc
590 2270 707 2353 Pontis.
728 2292 753 2333 e.
765 2276 795 2334 2.
813 2284 888 2332 octa.
902 2273 952 2332 lin
964 2266 1029 2343 iris,
1043 2272 1144 2335 scribit

138 2352 234 2415 cidari
246 2352 367 2415 omnini
385 2373 555 2429 erroneam,
574 2361 602 2416 et
614 2355 720 2417 naresi
732 2355 911 2438 proximam.

54 2508 61 2519 .
176 2436 263 2499 Juxta
288 2447 385 2499 autem
412 2440 543 2500 nostram
568 2443 767 2512 sententiam,
794 2439 874 2517 qudd
900 2440 1022 2501 materia
1047 2442 1145 2502 totaiia

137 2522 287 2601 adaquata
306 2522 536 2583 confirmationis
553 2534 596 2584 cst
614 2527 713 2585 unctio
731 2525 895 2585 chrismatis
909 2542 998 2585 manu
1010 2521 1144 2605 Episcopi

136 2615 275 2686 peracta,
296 2602 510 2667 advertendum
532 2617 576 2668 est
599 2608 637 2668 de
657 2611 782 2669 essentie
804 2610 977 2669 sacramenti
995 2628 1056 2671 csse
1072 2610 1096 2672 1.
1111 2612 1146 2672 ui
1168 2639 1172 2648 ·

136 2690 238 2751 unctio
255 2690 307 2750 fiat
325 2689 359 2750 in
374 2683 490 2771 fronte,
512 2699 602 2770 prout
625 2691 751 2752 habetur
770 2711 806 2752 ex
826 2711 891 2774 cop.
913 2691 993 2754 anic.
1015 2692 1050 2754 dc
1067 2711 1143 2756 saer.

135 2768 268 2847 sanction.
283 2783 362 2834 etex
378 2775 496 2835 decreto
506 2774 637 2856 Enpcnii
649 2776 708 2839 IV.
723 2775 807 2854 juxta
826 2772 1013 2838 communem
1027 2789 1146 2840 senten-

135 2859 228 2929 tiam,
244 2876 332 2935 quam
353 2855 607 2933 nomentanam,
626 2854 935 2939 cacieriniaymon,
957 2867 984 2921 ct
1004 2857 1060 2921 aiii
1078 2878 1145 2922 enrtt

134 2938 229 3002 Solos.
243 2939 458 3021 antoninae.
470 2946 499 3003 2.
511 2962 544 3023 p.
556 2944 586 3007 a.
598 2962 629 3004 n.
646 2944 697 3005 nt.
709 2945 745 3005 ΙΙ.
756 2942 795 3004 Ut
808 2946 908 3004 unctio
922 2943 972 3003 fiat
992 2944 1026 3003 in
1044 2943 1144 3022 sorno

134 3020 248 3099 crenis,
264 3022 350 3102 juata
368 3027 400 3088 S.
417 3022 519 3087 Tiona.
534 3024 563 3087 3.
584 3042 616 3107 p.
632 3046 662 3106 q.
677 3022 726 3088 72.
744 3047 775 3086 a.
795 3030 825 3088 d.
847 3018 888 3088 aa
907 3029 937 3086 5.
955 3042 1044 3105 qoem
1063 3040 1143 3087 com-

134 3106 266 3167 muniter
288 3107 377 3169 etiam
390 3106 531 3189 ¹doctores
552 3118 718 3187 sequuntur
737 3110 814 3187 apud
836 3106 930 3169 Scins.
951 3105 1023 3168 ibid.
1040 3124 1072 3168 rt.
1092 3112 1140 3170 et.

133 3192 186 3251 ΙΙΙ.
202 3190 242 3251 Ut
259 3194 360 3253 unctio
379 3193 431 3254 fiat
446 3211 500 3272 per
518 3211 643 3253 anonam
660 3192 755 3272 ipsios
767 3189 908 3272 Episcopi
925 3189 1142 3264 ministrantis,

132 3284 224 3351 prout
238 3274 344 3335 docent
353 3276 441 3337 Snor.
457 3278 591 3357 Castrop·
602 3276 765 3348 laisein,
777 3283 805 3335 et
821 3271 877 3334 aiii
887 3270 1055 3334 entnSalnt.
1069 3275 1141 3337 idid.

132 3376 167 3416 n.
181 3358 232 3418 26.
244 3356 312 3418 Haee
323 3359 361 3420 de
373 3363 495 3421 materia
509 3360 598 3438 hujus
612 3360 785 3421 sacramenti
797 3379 806 3436 ;
818 3358 870 3433 sed
885 3358 1007 3418 absecta
1019 3358 1142 3419 dicenda

131 3439 242 3518 dccjus
253 3440 346 3503 iorma
357 3487 366 3513 ‚
378 3440 443 3521 qnae
457 3445 494 3504 ad
504 3444 704 3506 confirmanda
721 3442 769 3522 hie
779 3444 855 3504 dieta
865 3441 962 3515 valde„
973 3442 1140 3504 conserunt.

173 3520 242 3585 tat.
261 3557 297 3565 -
311 3550 325 3579 a
341 3528 370 3585 i.
385 3524 447 3587 Etsi
462 3545 498 3587 ex
509 3530 677 3589 necessitate
693 3528 829 3607 praecepti
840 3526 940 3587 unctio
954 3524 1019 3585 ieri
1038 3524 1143 3589 debeat

133 3632 150 3662 o
174 3607 279 3685 pollice
292 3607 396 3669 manias
416 3610 562 3671 dexterae:
579 3612 676 3671 valida
687 3621 787 3672 nmen
805 3617 899 3683 essct,
915 3611 939 3670 si
952 3608 1036 3670 lieret
1049 3602 1142 3689 digito

133 3719 148 3748 a
173 3693 263 3752 ctiam
283 3693 409 3754 sinistrae
427 3695 553 3774 meniis3
571 3698 640 3776 quia
660 3699 732 3758 vere
750 3698 835 3758 iicrct
851 3713 905 3777 per
924 3696 1141 3775 impositionem
