2610 4186
280 186 355 268 Cop.
369 187 400 246 2.
416 188 459 247 De
472 182 609 248 orinistro
622 156 882 251 sacramentorum.
896 187 977 252 Dei.
993 189 1023 250 2.
1102 190 1159 253 275

152 308 216 352 nen
231 288 358 369 prodere
367 289 571 368 indignitatem
585 291 758 368 poenitentis
767 292 799 351 in
807 291 986 352 confessione
995 292 1157 370 cognitam,

149 375 236 453 juxta
248 375 452 455 praescriptum
465 375 496 434 in
517 391 542 434 c.
555 374 658 436 Omnia
670 419 679 449 ,
690 373 726 435 de
743 374 844 454 penit.
859 383 888 436 et
902 375 1000 435 retnis.
1015 375 1066 436 ubi
1085 376 1159 437 dici·

152 470 223 520 turc
238 460 348 520 Caveat
358 465 458 518 aetem
470 457 682 537 (confessarius)
695 459 829 538 omnino,
840 478 878 520 oe
888 458 972 521 verbo
979 504 989 536 ‚
1001 468 1055 519 out
1063 459 1156 539 aipno,

151 548 210 603 out
228 538 287 603 olio
307 540 410 622 qceooia
427 540 513 603 modo
531 539 661 621 aliquem
675 542 785 625 prodet
802 551 988 623 peecatorem.
1011 546 1053 602 ux
1069 544 1158 603 altera

152 634 240 708 parte
259 626 322 687 haee
340 634 463 687 nonest
482 626 601 707 proprie
618 628 766 689 simulatio
784 627 1044 692 administrationis
1064 646 1159 687 sacre-

151 711 271 781 menti,
290 710 359 789 quia
377 710 466 770 verba
487 711 536 769 illa
557 720 689 789 respectu
712 712 886 773 sacramenti
904 711 1107 772 indifferenter
1127 727 1159 772 so

149 794 273 855 habent.
287 794 351 855 dlid
364 800 462 854 tamen
478 794 593 854 ratione
607 803 733 855 utuntur
749 797 840 870 Vivo,
856 803 885 856 ct
901 792 1042 872 Melante,
1058 794 1158 855 dieen-

150 887 197 938 tes
219 878 275 939 hoc
298 895 360 939 csse
381 878 516 950 licitum,
534 880 603 955 quia
622 887 692 939 tunc
713 880 903 940 confessarius
925 879 1006 940 licite
1034 879 1159 940 occultat

149 961 325 1034 veritatem,
345 978 434 1038 quam
454 977 515 1020 non
533 970 653 1021 tenetur
671 981 725 1024 nee
743 971 839 1042 potest
854 963 1047 1024 manifestare.
1071 956 1159 1022 Recte

149 1043 224 1105 rcrd
236 1044 363 1105 advertit
379 1041 529 1105 Cardenus
539 1064 571 1105 o.
587 1047 635 1106 ut.
654 1045 732 1123 quod
746 1055 817 1108 tunc
828 1047 1018 1108 confessarius
1036 1063 1097 1106 non
1111 1046 1159 1131 de·

149 1127 203 1188 bct
218 1129 372 1189 intendere
392 1128 594 1205 deceptionem
622 1129 818 1204 adstantium,
835 1131 885 1191 scd
900 1130 1014 1192 tantum
1032 1131 1158 1192 occulta·

76 1275 90 1285 ,
149 1213 263 1273 tionem
286 1212 435 1288 veritatis3
455 1230 524 1271 nam
542 1212 612 1274 alias
629 1214 773 1275 mendacii
792 1223 907 1277 reatum
927 1233 987 1279 non
1003 1215 1156 1294 effugeret,

149 1295 220 1358 erim
240 1317 275 1358 cx
286 1299 328 1358 D.
345 1296 399 1358 rt.
411 1299 482 1357 Η.
494 1316 525 1379 q.
540 1299 570 1367 5.
583 1318 613 1358 a.
631 1301 661 1359 t.
679 1300 864 1371 mendacium
882 1318 943 1362 uon
962 1299 1058 1363 solum
1077 1319 1157 1362 com·

150 1382 287 1444 mittatur
304 1381 401 1443 verbis
412 1425 421 1456 ,
432 1383 481 1442 sed
495 1384 585 1443 etiam
604 1385 689 1445 iacto.
702 1386 748 1445 An
759 1394 857 1446 autem
869 1386 954 1446 liceat
968 1404 1056 1465 super
1065 1385 1157 1446 indis·

149 1467 280 1545 positum
290 1467 403 1527 dicere:
415 1468 479 1548 Epo
492 1474 518 1526 te
529 1485 589 1527 non
602 1465 737 1542 obsoleo,
750 1467 892 1532 submisse
901 1470 1024 1531 dicendo
1033 1469 1158 1532 verbum

148 1556 236 1610 non?
250 1550 385 1611 affirmat
404 1548 552 1612 Cardeam
567 1551 601 1611 io
613 1551 681 1614 diet.
695 1571 779 1634 prop.
795 1555 844 1614 29.
859 1573 892 1614 ra.
907 1555 955 1614 te.
976 1553 1027 1614 sed
1048 1561 1157 1634 negant

149 1633 314 1716 Roncopla'e
340 1653 365 1696 e.
382 1638 413 1696 4.
427 1653 458 1715 q.
478 1638 508 1696 6.
522 1656 549 1696 r.
565 1639 595 1697 2.
612 1635 756 1714 Milontc,
770 1645 809 1716 ¹ct
832 1639 907 1700 Viuo
931 1637 966 1699 io
985 1635 1051 1699 ead.
1063 1657 1152 1720 prop.

147 1737 183 1779 aa.
200 1720 247 1780 ll.
262 1720 448 1803 Ratio,q'uie
470 1738 585 1800 semper
605 1723 777 1782 accerbam
797 1739 858 1783 non
880 1723 990 1802 percipi
1013 1723 1116 1801 nequit
1137 1720 1155 1782 d

148 1805 425 1880 circumstantibus,
442 1805 504 1869 haec
526 1817 600 1869 essct
617 1810 737 1887 quidem
754 1811 900 1870 restrictio
913 1810 988 1888 pure
1003 1811 1153 1882 mentalis,

150 1908 218 1968 quae
233 1909 385 1969 nunquam
401 1899 445 1950 est
466 1893 561 1969 licita,
580 1892 758 1969 juxta‘dicta
775 1889 797 1951 l.
812 1894 842 1951 lr.
861 1911 893 1951 re.
916 1896 983 1953 168.
1005 1893 1061 1952 Sed
1080 1894 1155 1954 ratio

147 1972 214 2033 haee
231 1992 292 2034 non
313 1974 480 2047 convincit,
494 1977 563 2054 quia
583 1977 614 2035 in
634 1985 748 2035 tantum
771 1975 925 2035 occultatio
944 1973 1008 2035 haee
1030 1992 1090 2034 non
1112 1985 1157 2036 est

146 2056 228 2117 licita
250 2057 283 2116 in
302 2074 456 2132 sermone,
473 2059 505 2118 in
529 2068 672 2137 quantum
690 2059 813 2134 loquens
830 2066 948 2117 tenetur
963 2058 1013 2137 (nc
1030 2057 1156 2136 decipiat

146 2140 319 2218 proximum
346 2160 414 2202 cum
442 2160 501 2220 quo
527 2138 677 2222 loquitur)
704 2143 803 2202 taliter
831 2142 964 2219 proferre
987 2140 1095 2214 verba,
1121 2150 1156 2202 ut

145 2225 274 2285 audiens
286 2225 377 2305 possit
396 2227 551 2287 veritatem
574 2228 745 2306 percipere,
765 2235 795 2285 ct
814 2224 881 2285 ided
905 2226 937 2284 in
956 2240 1091 2284 sermone
1107 2241 1155 2299 re-

145 2310 262 2372 strictio
277 2310 352 2390 pure
364 2312 500 2372 mentalis
513 2321 557 2374 est
568 2311 677 2386 vetita3
691 2311 760 2370 atin
770 2310 935 2389 prolatione
946 2309 1049 2370 formae
1062 2327 1156 2369 sacra-

143 2394 240 2456 menti
255 2411 315 2454 non
337 2401 456 2454 tenetur
471 2395 606 2455 minister
622 2396 661 2455 ita
677 2395 807 2472 prolerre
820 2393 926 2459 verba.
943 2400 978 2452 ut
992 2410 1155 2455 sacramen-

146 2487 215 2537 tum
231 2477 392 2556 suscipiens
411 2477 462 2539 illa
483 2478 593 2539 audiat.
608 2479 795 2556 Quapropter
807 2494 867 2536 non
883 2476 1000 2536 videtur
1018 2476 1154 2550 obstare,

145 2559 227 2639 qudd
245 2559 312 2620 talis
330 2562 485 2622 occultatio
498 2572 572 2622 essct
591 2561 735 2622 restrictio
755 2561 890 2622 mentalis
902 2582 911 2639 ;
923 2569 954 2623 ct
971 2558 1040 2622 hine
1058 2562 1154 2642 prima

144 2643 248 2722 opinio
262 2660 323 2704 non
335 2644 668 2728 videturimprobanda.

188 2726 238 2789 60.
256 2757 295 2772 ·-
314 2727 357 2787 Ex
375 2724 478 2789 eadem
502 2729 618 2789 ratione
644 2730 859 2805 irreverentia,
887 2747 947 2793 non
976 2728 1073 2792 solaim
1101 2730 1154 2810 qui

144 2806 396 2885 administrando,
411 2813 462 2874 sed
475 2813 562 2872 etiam
571 2813 626 2892 ¹qui
640 2815 823 2894 suscipiendo
839 2823 1052 2875 sacramentum
1063 2815 1155 2875 simu·

143 2895 240 2967 taret,
254 2912 314 2955 non
330 2900 518 2957 excusaretur
534 2895 550 2957 i
564 2898 681 2958 mortali
695 2942 703 2972 ‚
717 2908 751 2958 ut
772 2899 842 2959 dicit
867 2900 956 2961 Croie
976 2897 1017 2960 ἑὸ.
1034 2918 1066 2958 n.
1085 2901 1153 2959 457.

142 2996 213 3052 eum
236 2977 413 3040 declamet
439 2979 541 3041 Germ.
566 2978 623 3040 Sed
646 2979 703 3042 hoc
726 2983 819 3042 currit
842 2983 960 3060 quando
979 2980 1060 3041 adest
1085 2999 1154 3039 vcra

143 3062 294 3122 simulatio
310 3063 494 3123 sacramenti.
522 3063 596 3123 ilinc
617 3065 743 3124 insertur
766 3067 790 3124 l.
814 3083 882 3124 eum
908 3063 1033 3124 Coeden.
1059 3062 1094 3122 ln
1122 3062 1152 3122 el.

142 3162 232 3225 prop.
259 3146 309 3206 29.
336 3165 391 3206 ne.
414 3147 465 3207 75.
487 3155 516 3207 ct
543 3145 632 3206 Croiae
655 3164 709 3206 nu.
736 3148 804 3211 tae.
833 3148 900 3206 com
936 3145 1050 3205 uteret.
1077 3147 1153 3212 Gor·

143 3245 233 3302 orez,
247 3236 299 3290 ete.
317 3228 436 3307 quodsi
455 3232 520 3309 quis
533 3229 634 3290 nolens
653 3227 787 3289 confiteri
803 3229 985 3304 ingrediatur
998 3228 1154 3288 confessio·

144 3312 212 3373 nale
223 3356 232 3387 ‚
244 3321 273 3373 et
287 3312 460 3390 genuflexus
473 3315 640 3392 alloquatur
649 3312 856 3372 confessarium
867 3311 1010 3387 dealiquo
1023 3311 1152 3389 negotio,

143 3412 206 3455 non
220 3396 349 3458 simulat
359 3408 592 3470 sacramentum,
607 3410 660 3456 nee
671 3402 772 3473 peceat
782 3402 897 3472 peceato
909 3392 1071 3468 mendacii,
1084 3396 1154 3479 quia

143 3475 213 3538 ciam
229 3475 342 3541 haesit
362 3480 448 3540 valde
464 3482 604 3541 usitatum
615 3522 623 3552 ,
636 3477 716 3557 quod
736 3477 827 3556 aliqui
843 3477 980 3538 accedant
992 3476 1029 3538 od
1042 3479 1153 3539 confes-

143 3559 257 3623 sarium
270 3562 355 3624 causi
364 3563 484 3647 petendi
495 3562 708 3641 eleemosynam
720 3569 790 3636 ,ant
802 3561 972 3632 consulendi
983 3561 1057 3639 eirea
1072 3580 1152 3625 seru-
