2610 4186
270 184 342 263 Cap.
357 184 386 242 4.
397 181 586 242 4444444444
597 178 944 242 44444444444444444444.
959 182 987 241 4.
1086 180 1144 243 465
1167 168 1172 179 “

137 279 280 350 scandalo
293 281 381 362 priris
392 279 597 362 satisfiecerint.
623 277 754 343 Occultos
765 281 833 341 cord
853 288 1035 359 peccatores,
1057 279 1085 342 si
1101 300 1142 343 oc·

135 366 347 448 calliopoleos,
363 373 392 426 44
407 384 468 426 444
483 382 530 426 444
544 362 709 425 emendatos
725 364 894 446 4494444444,
911 362 1057 442 repellot;
1079 383 1142 427 444

136 459 238 513 cotem
260 451 289 512 44
311 448 424 529 4444444
443 456 560 528 petant,
591 457 620 509 44
641 448 704 509 sine
723 445 862 510 scandolo
888 447 969 529 ipsos
991 448 1141 528 4444444444

136 557 174 600 ne
193 544 272 598 4444.
429 541 433 548 ’

174 556 226 682 ΞΒ.
242 650 280 664 -
291 618 370 678 Dub.
390 619 419 677 4.
430 618 506 690 Quid
517 617 662 696 agendum
681 617 713 676 44
726 616 827 689 4444444
842 616 879 677 dc
900 617 1023 677 crimine
1041 617 1087 677 vcl
1103 617 1141 678 de

136 703 334 784 poenitentia?
347 699 593 780 Distinguendum
607 722 616 776 3
630 702 653 759 si
667 700 780 760 crimen
796 709 986 769 micerium,
1002 706 1033 760 et
1045 701 1141 778 poeni-

135 788 229 849 tentia
239 786 327 846 dubia
341 829 349 857 ,
364 792 576 845 sacromentum
589 783 667 844 certe
676 794 719 843 cst
731 784 935 862 denegandum
948 783 1057 855 ,donec
1070 804 1140 844 con·

135 880 194 932 stet
204 870 242 930 de
251 869 441 949 poenitentia,
467 868 536 946 quio
552 868 679 945 possidet
700 868 829 928 44444444.
847 871 883 928 Et
907 867 963 928 hoc
982 868 1140 928 dicendum

136 955 243 1017 docent
254 954 343 1014 8444.
356 952 424 1011 4444.
438 954 523 1031 Spcr.
538 960 589 1013 ete.
602 970 668 1012 4444
688 950 777 1011 64444
790 949 811 1011 4.
822 953 852 1011 44.
861 970 894 1032 p.
911 954 939 1012 4.
958 970 1042 1012 num.
1070 954 1137 1012 444.

137 1036 252 1099 etiamsi
272 1035 538 1113 habeaturpublicu
552 1032 678 1112 suspicio
690 1034 727 1094 dc
740 1037 880 1107 crimine,
905 1035 994 1097 modd
1013 1035 1139 1114 suspicio

135 1123 176 1182 sit
191 1129 252 1182 4444
275 1117 452 1188 vehemens,
471 1128 504 1178 44
521 1121 692 1196 4444444444
714 1120 819 1178 morali
833 1119 1019 1196 certitudini3
1037 1118 1138 1193 secius,

74 1271 79 1277 ,
135 1205 161 1268 si
184 1204 248 1265 tulis
265 1205 321 1276 sit,
345 1210 378 1262 ut
399 1201 543 1280 probabili
563 1205 677 1263 4444444
701 1203 807 1281 deponi
833 1203 944 1283 possit,
978 1211 1012 1263 ut
1036 1201 1139 1264 dicunt

135 1287 200 1349 Ad.
210 1286 305 1348 444444.
318 1288 347 1346 Si
360 1295 458 1346 444444
472 1286 624 1346 dubitatur
638 1286 675 1346 de
686 1287 828 1360 crimine,
850 1305 911 1346 non
930 1295 1025 1365 potest
1044 1305 1138 1347 sacru-

136 1379 271 1432 meutum
288 1371 386 1448 negari
392 1413 399 1428 .
420 1369 509 1429 04444
525 1368 565 1431 tt.
581 1371 714 1449 intellige
728 1379 826 1431 tumen
850 1369 936 1447 juxto
956 1370 1034 1432 dicte
1051 1368 1138 1448 sopri

136 1473 223 1516 44444.
237 1456 286 1515 45.
296 1454 351 1514 sub
362 1453 458 1513 initio·
987 1452 991 1465 '

173 1539 222 1598 49.
244 1538 320 1607 Dub.
334 1539 362 1597 5.
375 1537 418 1596 An
431 1535 566 1597 minister
579 1539 670 1617 possit
687 1539 758 1599 darc
782 1546 996 1599 sacramentum
1016 1536 1137 1618 indigno

135 1618 174 1683 ob
186 1630 298 1682 metum
311 1621 434 1680 mortis?
688 1662 691 1667 ,
925 1664 929 1672 .

174 1706 281 1767 Primo
299 1704 596 1778 sententiouffirmnt‚
613 1708 703 1770 modo
718 1716 933 1768 sacromentum
947 1727 1007 1770 non
1022 1717 1139 1785 petatur
1198 1729 1202 1736 ·

134 1789 357 1867 inodiumlidci
366 1833 376 1863 ‚
392 1791 439 1849 vel
460 1790 490 1848 in
501 1800 702 1869 contemptum
721 1793 890 1870 religionis3
905 1802 935 1852 et
948 1791 1024 1853 44444
1037 1798 1139 1853 444444

135 1879 215 1937 Bon.
227 1872 262 1934 ele
275 1891 350 1935 4444.
363 1872 393 1934 d.
403 1877 431 1934 4.
446 1877 512 1956 qo.
525 1893 559 1955 p.
570 1878 600 1935 4.
611 1896 643 1936 4.
653 1879 701 1935 44.
716 1879 822 1956 Sporer
833 1883 854 1935 4.
872 1877 902 1934 5.
916 1894 948 1955 p.
962 1878 1009 1935 48.
1020 1889 1052 1934 rc.
1067 1878 1136 1936 488.

133 1968 163 2020 44
179 1956 296 2020 Croixl.
311 1961 339 2019 6.
352 1976 385 2038 p.
401 1960 430 2018 4.
444 1978 476 2017 4.
488 1960 555 2019 458.
566 1977 632 2019 curu
644 1957 863 2021 secundolae.
884 1958 951 2017 Dic.
962 1966 990 2018 44
1002 1956 1071 2019 44444
1083 1980 1092 2034 3
1102 1958 1139 2018 444

132 2044 180 2106 his
198 2045 335 2104 laudatur
344 2044 432 2105 etiem
446 2047 535 2105 Scor.
549 2046 579 2105 5.
589 2064 623 2126 p.
636 2043 666 2106 d.
680 2047 729 2105 67.
745 2051 811 2105 sect.
825 2046 854 2104 4.
878 2042 912 2102 44
923 2042 1000 2122 fine,
1022 2045 1073 2103 sed
1095 2044 1137 2104 ibi

132 2129 272 2207 praefatus
286 2136 387 2188 444444
400 2129 489 2188 nimis
510 2128 645 2207 ambigui
661 2129 793 2206 loquitur
813 2137 843 2188 ct
858 2146 888 2187 se
904 2126 1027 2187 remittit
1046 2127 1082 2185 od
1093 2145 1138 2186 so-

133 2213 310 2289 ctiouesseq.
324 2213 356 2272 in
372 2213 479 2290 quibus
500 2214 615 2272 nullum
627 2213 751 2272 verbum
763 2210 863 2289 adjicit
875 2209 972 2270 dehoc
984 2210 1136 2270 sententio.

133 2296 219 2357 Retio
232 2295 323 2373 *hujus
342 2298 493 2356 sententiae
505 2304 548 2355 est
562 2341 570 2368 ,
583 2298 649 2374 quio
665 2296 710 2375 (444
728 2295 841 2373 dicunt)
856 2296 880 2354 si
894 2294 1013 2354 44444444
1038 2312 1137 2372 peccu-

132 2380 206 2440 toris
218 2379 333 2459 publice
352 2382 478 2458 petentis
489 2391 703 2447 sacromentum
721 2381 809 2441 tulcm
828 2379 1073 2440 ministrationem
1092 2398 1137 2440 ex-

132 2472 215 2524 cuset
227 2509 235 2537 ‚
246 2473 277 2524 44
287 2465 512 2524 irreverentium
530 2465 706 2525 sacramenti
718 2472 836 2543 reparat
849 2465 893 2543 (ut
904 2481 974 2524 mox
982 2462 1134 2542 dicemus),

132 2566 186 2607 cur
203 2566 302 2619 mors,
321 2549 368 2609 vel
381 2548 499 2608 44444444
512 2548 702 2620 ’4444444444
718 2549 856 2610 ministro
876 2565 945 2608 eum
969 2563 1029 2608 non
1050 2566 1136 2611 exou-

94 2621 97 2635 ’
132 2648 198 2691 sore
207 2631 315 2692 debet?

171 2715 472 2787 Haecsententio,olim
490 2713 562 2775 mihi
572 2716 738 2795 ‚probabilis
759 2716 819 2775 visu
832 2717 888 2777 4444
902 2716 971 2793 3scd
984 2714 1088 2778 44444444
1103 2736 1136 2779 44

131 2796 275 2876 perpensi
289 2799 455 2874 oppositum
467 2817 545 2859 nune
556 2810 639 2862 tenco
649 2820 716 2862 cum
726 2799 852 2862 44444444
861 2803 1024 2875 4444444444,
1047 2820 1135 2880 quum

130 2880 304 2943 tuenturP.
317 2883 403 2942 Cone.
418 2891 439 2942 4.
454 2884 484 2942 8.
496 2902 527 2963 p.
549 2886 616 2944 too,
632 2904 716 2945 4444.
733 2887 780 2945 44.
795 2893 824 2945 44
841 2884 999 2959 ledesma,
1028 2903 1063 2944 ac
1081 2882 1136 2942 clii

131 2960 215 3042 opud
225 2962 313 3027 Croc'x
323 2961 344 3023 l.
360 2983 385 3026 c.
401 2965 500 3026 differt
514 2968 593 3028 44444
611 2970 686 3028 44444
710 2987 769 3028 444
784 2969 906 3042 negandi
923 2975 1136 3027 sacromentum

130 3049 275 3125 peccatori
289 3050 424 3121 occulto,
441 3060 471 3110 44
483 3053 558 3111 ratio
569 3052 679 3112 vitandi
691 3054 846 3130 proprium
861 3053 1013 3111 domnum.
1022 3048 1135 3124 'Nequit

78 3132 81 3135 ’
129 3130 268 3208 equidem
286 3134 418 3194 sacerdos
434 3135 549 3214 publice
567 3136 709 3213 denegare
732 3134 978 3195 communionem.
992 3135 1134 3210 peccatori

130 3216 245 3275 occulto
258 3259 266 3289 ,
280 3216 332 3277 sed
349 3223 423 3278 cur?
437 3219 526 3296 quin,
550 3228 582 3278 ut
594 3218 672 3278 44444
686 3218 757 3277 dicit
783 3218 845 3294 ipse
859 3213 948 3277 Croc'x
968 3234 1001 3275 4.
1018 3216 1086 3275 444.
1107 3225 1136 3277 44

129 3294 189 3356 olii
195 3342 206 3375 ‚
221 3308 310 3378 prout
322 3302 405 3362 Cont.
422 3306 532 3364 Tuom.
553 3301 654 3363 444444.
668 3319 733 3380 cop.
748 3303 778 3362 4.
799 3306 857 3358 444.
871 3299 901 3361 5.
914 3305 981 3359 4444.
1002 3300 1030 3360 5.
1044 3299 1132 3362 44444.

129 3383 161 3442 5.
174 3383 325 3444 4444444444
338 3384 454 3447 4444444.
466 3405 491 3448 4.
501 3390 531 3447 4.
540 3403 571 3466 q.
584 3389 633 3447 44.
644 3383 776 3449 Christus
784 3401 818 3444 eo
828 3400 893 3443 casu
903 3383 1021 3445 ridetur
1033 3384 1135 3448 cedere

125 3465 189 3544 juri
199 3484 253 3526 suo
263 3510 273 3542 ‚
284 3478 314 3529 44
324 3471 496 3548 permittere
506 3490 566 3530 4444
580 3470 752 3530 reverentiae
767 3468 971 3547 negotionem,
987 3486 1136 3549 noupruo·

128 3549 216 3628 cipud
233 3559 268 3610 ut
282 3553 359 3613 44444
382 3554 438 3632 ipsi
457 3562 610 3632 44444444,
629 3550 663 3614 u't
681 3553 751 3615 dicit
763 3556 805 3616 D.
820 3551 874 3614 Tlc.
889 3553 918 3613 5.
927 3568 1001 3634 pq.
1012 3554 1061 3616 80.
1076 3564 1133 3616 444.

170 3637 254 3697 rom.
273 3636 310 3699 V.
928 3639 984 3699 45
