2620 4176
138 190 197 250 256
285 188 352 252 tit.
366 192 396 251 6.
419 194 515 253 Traet.
532 194 562 252 l.
581 193 626 251 De
638 191 828 252 sacramentis
841 190 875 251 in
886 208 998 273 aenam.

139 286 228 352 modo
246 298 345 352 amen
364 293 499 354 minister
518 310 578 353 non
597 293 697 370 alliget
710 309 793 353 suam
804 291 998 354 intentionem
1010 290 1047 352 ad
1058 292 1155 355 aliam

139 391 293 453 personam
308 376 537 438 determinatam
549 398 558 454 3
572 377 652 456 quod
669 375 818 437 ordinaria
831 394 892 438 non
904 378 1022 450 evcnit,
1037 378 1095 438 nisi
1116 377 1152 437 in

139 459 341 521 matrimonio.
696 499 701 512 .
864 534 870 537 =

177 544 449 619 20.-Quer.111.
466 546 512 605 dn
526 542 562 604 ad
577 543 760 604 validitatem
775 552 1025 604 sacramentorum
1045 545 1152 622 requi·

138 636 222 687 ratur
241 629 367 689 intentio
390 630 507 690 interna
526 629 683 688 ministri‘t·
699 626 863 689 Dicendum
879 628 910 693 Ι..
927 647 987 688 non
1012 629 1150 689 sufficere

138 710 230 771 solam
248 714 443 773 intentionem
462 714 586 782 faciendi
606 714 753 773 actionem
774 722 944 782 externam,
965 712 1015 771 scd
1033 712 1150 790 requiri

138 795 330 856 intentionem
342 798 465 857 faciendi
480 797 559 874 quod
577 798 646 858 sarcit
665 797 799 857 Ecclesia.
814 797 876 856 lloc
887 802 933 855 est
947 797 985 855 de
999 795 1057 855 fide
1076 815 1151 856 con-

138 889 183 938 tra
199 879 358 940 lutherum
368 926 376 952 ,
387 884 438 959 qui
448 881 702 941 dicebatsufficere
709 882 801 941 solam
815 881 1008 940 intentionenr
1017 881 1134 958 poncnd
1139 881 1149 938 i

138 963 228 1022 ritum
244 964 440 1036 exteriorem,
460 967 515 1024 etsi
536 964 605 1042 joco
630 974 779 1043 peractum
793 987 803 1039 3
816 964 857 1024 ita
878 982 913 1024 cx
934 964 1016 1024 Trid.
1028 981 1099 1024 sess.
1113 966 1148 1023 7.

135 1065 203 1107 carr.
219 1050 266 1108 ll.
276 1046 311 1109 de
320 1051 453 1109 Sacram.
468 1050 519 1108 ubi
540 1049 665 1110 habetur
678 1071 686 1109 ε
701 1048 813 1130 Siquis
824 1046 1147 1125 diceritinrninistris,

135 1131 208 1192 daim
227 1144 412 1195 sanamenta
429 1132 589 1213 conficiant
605 1144 634 1194 et
651 1133 825 1216 eorsfcrnnt,
840 1146 903 1197 non
915 1134 1029 1214 requiri
1048 1135 1149 1195 artea-

137 1213 246 1276 tionem
264 1215 369 1279 saltem
390 1215 524 1298 faciendi
546 1217 624 1297 qaod
644 1218 722 1299 facit
743 1214 890 1290 Ecclesia,
913 1217 1072 1278 anatdeina
1094 1218 1148 1279 sit.

138 1302 212 1361 ltem
232 1302 266 1362 in
286 1320 355 1364 sess.
371 1307 420 1364 lt.
440 1322 505 1363 ean.
526 1306 555 1365 9.
578 1303 613 1365 dc
634 1323 714 1385 pen.
736 1301 864 1365 habetur
877 1323 887 1364 r
899 1304 934 1364 Si
954 1302 1023 1382 qais
1037 1302 1151 1363 dicerit

138 1383 351 1448 absolutionem
369 1385 609 1448 sacramentalem
623 1385 779 1449 sacerdotis
800 1406 861 1448 non
878 1406 935 1449 esse
956 1395 1060 1455 nterea,
1066 1386 1149 1466 jndi-

136 1465 254 1545 cialena,
276 1470 327 1531 scd
348 1470 462 1532 rendam
480 1470 679 1532 ministeriam
691 1470 914 1552 pronuntiandi
924 1480 959 1531 ct
975 1468 1150 1532 declarandi

135 1552 258 1614 remissa
277 1571 336 1615 esse
357 1563 476 1636 peccata
497 1552 666 1634 confitenti,
686 1556 772 1619 inodo*
788 1552 910 1618 tantalea
927 1554 1025 1617 eredat
1038 1571 1069 1614 se
1087 1572 1149 1614 esse

135 1633 317 1714 absolutam,
341 1646 395 1700 ant
414 1638 547 1700 sacerdos
568 1659 628 1701 non
648 1641 741 1720 sarid,
763 1641 893 1723 sedjoco
920 1635 1073 1721 adsolant,
1091 1648 1149 1699 aret

134 1716 245 1780 dicerit
263 1741 323 1782 non
339 1722 454 1802 requiri
470 1722 680 1801 consessionem
692 1725 876 1806 penitentis,
891 1734 926 1785 at
936 1721 1069 1785 sacerdos
1079 1739 1148 1782 enne

136 1801 282 1866 absolvere
296 1809 390 1888 possit
403 1830 414 1867 .·
427 1806 587 1868 anatliema
606 1809 657 1870 sit.
678 1812 757 1871 ldcnr
778 1810 904 1870 lna-betur
919 1812 951 1870 in
973 1809 1053 1869 decr.
1075 1807 1144 1867 srdci

136 1894 215 1954 Flor.
241 1891 480 1974 subEuq.1V.
509 1894 559 1952 ubi
586 1895 695 1954 dicitnr
721 1918 728 1954 ε
761 1897 869 1956 (lamia
887 1900 1072 1956 sacramenta
1096 1890 1147 1950 tri-

136 1977 190 2039 dns
212 1973 424 2058 perficiantur,
446 1975 577 2039 videlieet
595 1978 679 2040 redas
699 1988 852 2059 tarnqnarn
875 1978 1018 2055 neoterici,
1045 1976 1143 2038 cerdis

137 2071 290 2143 tamqnam
312 2058 434 2142 forant,
459 2072 488 2122 et
515 2068 642 2144 persona
679 2063 813 2125 arinistri
841 2061 1016 2144 conferentis
1040 2080 1144 2123 saera-

136 2155 253 2218 rnenta,
278 2165 343 2207 enan
366 2149 526 2208 intentione
553 2146 684 2225 faciendi
708 2147 786 2228 qnod
805 2147 880 2230 facit
901 2143 1040 2208 Ecclesia.
1063 2145 1146 2206 ldcm

135 2231 314 2290 declaratum
329 2231 385 2291 init
403 2233 434 2291 in
448 2249 531 2291 cone.
550 2232 700 2292 Constant.
718 2249 787 2293 sess.
806 2229 862 2292 nlt.
876 2232 927 2291 uli
939 2231 1144 2309 praescriptam

135 2315 216 2391 licit:
243 2315 281 2374 tn
301 2324 451 2395 suspectas
468 2313 503 2375 dc
522 2313 626 2376 haeresi
640 2314 852 2397 deterreantur,
874 2334 915 2376 an
942 2313 1042 2375 aedat
1066 2311 1146 2395 qnod

134 2394 233 2460 arrolas
253 2397 400 2475 sandes,
418 2418 485 2461 enin
499 2397 597 2460 debita
612 2399 738 2461 materia
751 2409 780 2460 et
797 2398 914 2480 forma,
930 2408 1035 2460 etaiam
1052 2400 1147 2460 iratene-

136 2485 213 2543 tione
229 2480 361 2562 faciendi
375 2484 453 2561 qnod
469 2481 543 2563 facit
555 2480 706 2556 Ecclesia,
725 2486 790 2544 aaa
811 2482 947 2563 conficiat
963 2491 992 2542 et
1012 2479 1146 2561 corefcrat

135 2573 344 2628 sacramenta?
365 2569 450 2627 Ratio
467 2569 609 2627 doctrinae
627 2566 716 2645 hujus
737 2579 801 2639 cst,
820 2570 889 2645 quio
911 2570 986 2629 aetio
1011 2567 1143 2626 ministri

134 2651 222 2710 dehet
243 2650 280 2709 ad
307 2651 506 2710 ministerium
530 2652 654 2724 referri,
679 2653 753 2713 actio
773 2663 871 2713 antem
890 2650 957 2729 joco
983 2653 1055 2711 iacto
1082 2669 1143 2710 non

135 2734 264 2794 refertur
276 2733 314 2791 ad
328 2735 526 2795 ministerium
542 2753 675 2807 sacrum,
691 2737 741 2795 sed
763 2735 878 2796 tantiam
901 2737 937 2796 ad
961 2737 1142 2795 irrisionem.

135 2815 279 2876 lutherus
298 2814 413 2875 dicebat
432 2818 566 2877 sufficere
585 2821 731 2879 actionem
750 2819 901 2896 jocosam,
922 2820 958 2880 ed
982 2817 1061 2896 qadd
1079 2819 1144 2893 ipsa

134 2898 228 2959 adhoc
249 2899 317 2958 satis
343 2906 407 2958 ern
429 2901 466 2961 ad
488 2901 577 2961 fidem
598 2903 800 2980 excitandam3
816 2905 866 2964 sed
885 2903 941 2962 lroc
963 2903 1144 2980 principium

134 2992 214 3062 arctet
231 3000 293 3044 esse
306 2984 429 3057 salsum,
443 3004 511 3045 nam
526 2987 558 3046 in
582 2991 682 3064 pueris
697 2990 801 3067 nequit
814 2989 886 3050 tides
898 2989 1035 3059 excitari,
1050 2995 1080 3045 et
1098 2994 1143 3044 ta·

134 3086 201 3128 men
213 3067 274 3146 jain
289 3070 343 3147 ipsi
358 3086 475 3147 capaces
491 3080 562 3130 sunt
575 3071 723 3149 baptismi.

172 3155 221 3212 at.
234 3154 449 3215 -Dicendum
463 3156 501 3214 ll.
514 3172 573 3213 non
590 3158 701 3234 requiri
716 3158 910 3218 intentionem
924 3157 1048 3218 faciendi
1062 3153 1143 3232 quod

132 3236 201 3296 iacit
212 3237 335 3297 Ecclesia
350 3257 490 3310 romana,
504 3239 555 3298 sed
563 3239 695 3299 sufficere
717 3242 912 3303 intentionem
924 3239 1046 3303 faciendi
1062 3236 1143 3315 quod

132 3321 201 3380 lacit
218 3338 288 3380 cera
310 3324 434 3382 Ecclesia
450 3323 467 3383 a
487 3320 601 3383 Christo
618 3324 761 3384 instituta.
783 3325 816 3383 ld
827 3325 937 3402 pariter
952 3333 1064 3383 eertum
1078 3329 1142 3392 est,

133 3405 202 3482 quia
216 3404 352 3484 baptizati
369 3408 406 3467 ab
419 3406 580 3478 hereticis,
601 3408 651 3484 qai
670 3409 826 3469 Ecclesiam
840 3414 992 3473 romanam
1009 3425 1068 3465 non
1081 3423 1143 3464 cre·
1181 3422 1192 3436 ¹

131 3488 207 3546 dant
230 3489 598 3566 earnemcarnem,
621 3508 807 3570 nequaquam
831 3500 900 3551 sont
925 3489 1139 3570 rebaptizandi.

132 3565 184 3625 lllc
197 3576 293 3628 tamen
305 3571 380 3632 bene
393 3573 519 3635 advertit
531 3569 648 3652 Sylvius
658 3574 702 3651 lin
714 3577 742 3636 5.
755 3595 787 3655 p.
797 3594 826 3657 q.
839 3577 887 3636 (il.
896 3584 955 3637 art.
965 3575 1008 3653 8.)
1024 3598 1035 3635 .·
1051 3572 1139 3650 erdal
