2610 4186
329 237 403 320 Gap.
416 237 446 297 a.
455 235 500 296 Da
512 231 649 299 ministro
662 240 923 296 667767666767676.
938 234 1017 303 7767.
1029 237 1060 297 7.
1139 238 1193 299 771

185 335 322 402 1776767776
329 380 340 413 ,
367 327 415 396 uel
427 353 570 417 popano,
594 332 640 397 667
656 333 759 415 judeo
781 333 970 402 6677766676
999 333 1171 417 7667669676
1183 382 1193 413 ,

184 421 248 483 6767
266 423 369 499 utique
381 437 507 499 persono
516 464 526 497 ,
539 437 605 498 qoae
628 417 795 480 ortltooloorae
812 417 1020 499 conjunpitor,
1042 436 1073 480 sc
1095 418 1134 481 ad
1148 438 1196 481 or-

187 503 348 567 thodoxam
377 502 467 577 tidem
493 502 716 564 convertendam
737 501 891 583 spondeat.
918 505 1129 563 Verumtamen
1153 513 1197 565 est

184 590 273 651 valde
285 588 438 669 probabile
453 588 484 646 td
494 588 573 666 quod
588 587 691 648 dicunt
700 585 840 648 Bueemb
854 583 874 645 7
887 605 912 648 7
925 585 1194 668 6197766967.

185 676 264 736 8..6
279 675 348 734 775
369 671 444 751 Wip.
467 679 503 731 tr
522 673 570 732 16.
586 664 662 732 aab.
677 691 710 731 6.
725 671 773 732 77.
790 669 975 732 07676776
993 672 1059 730 177.
1077 668 1194 732 6777.

185 778 221 819 6.
238 760 288 819 95.
305 756 466 818 ooSuotelt
483 754 518 817 de
537 764 627 816 67677.
647 755 668 817 7.
688 760 718 818 7.
735 755 765 817 d.
781 759 831 817 77.
854 774 938 815 uum.
955 757 985 816 6.
1001 757 1158 817 67667766.
1169 763 1198 818 67

186 842 290 917 Ater,
311 859 418 919 nempe
432 840 540 918 qubd
531 859 562 899 m
578 841 667 918 locis,
693 841 743 900 ubi
757 838 885 901 haeretici
903 841 1009 900 vivunt
1025 840 1109 901 mixti
1129 859 1197 903 cum

187 925 338 986 catholicis
360 931 431 997 ,.ot
450 925 481 983 in
500 925 673 996 Germania,
696 925 837 994 Paionia,
855 931 912 984 etc.
930 942 966 983 ex
987 924 1198 985 consuetudine

105 1010 110 1016 ’
185 1018 304 1088 recepta
319 1018 348 1069 et
366 1009 488 1069 tolerata
515 1010 630 1068 licitum
656 1018 700 1069 est
718 1008 905 1068 matrimonia
930 1009 1006 1068 inire
1023 1027 1090 1068 cum
1103 1007 1197 1070 hoere·

186 1095 263 1154 ticis.
280 1092 367 1153 hlodb
392 1094 422 1152 1.
439 1090 582 1152 catholico
600 1091 785 1152 contrahenti
805 1092 992 1169 permittatur
1017 1090 1110 1153 libere
1129 1110 1197 1171 per·

186 1179 307 1238 mandre
328 1176 360 1236 in
381 1175 450 1236 fide.
477 1178 508 1237 7.
532 1176 616 1236 Absit
633 1177 1028 1254 periculumperversionis.
1046 1177 1076 1236 5.
1102 1177 1197 1237 Detur

186 1263 308 1335 libertas
323 1260 467 1321 educandi
491 1261 605 1339 prolem
625 1258 777 1320 catholice.
799 1260 830 1317 d.
843 1259 874 1318 Si
888 1257 970 1319 facille
982 1277 1042 1320 non
1061 1260 1100 1321 sit
1114 1259 1198 1320 inve·

186 1347 254 1406 nire
280 1362 380 1422 parem
404 1345 482 1404 inter
505 1342 672 1404 catholicos.
691 1345 825 1417 Quorum
844 1343 867 1402 si
893 1361 987 1404 unum
1015 1342 1112 1418 desit,
1134 1360 1196 1404 non

186 1430 310 1503 licebit,
336 1437 370 1488 ut
391 1428 471 1488 76676
494 1427 806 1488 cataractam
821 1426 964 1487 Caeterbm
986 1426 1017 1488 id
1031 1426 1106 1489 bene
1130 1445 1198 1507 per·

187 1514 336 1583 mittitur,
363 1512 485 1572 servatis
509 1510 555 1571 his
582 1511 821 1587 conditionibus,
845 1512 914 1588 quia
931 1510 1098 1588 hujusmodi
1126 1531 1198 1574 eon

184 1597 268 1676 jugia
287 1597 363 1657 stunt
378 1597 470 1655 instar
484 1595 610 1656 aliorum
629 1603 832 1655 contractuum
845 1596 978 1656 civilium
992 1596 1197 1656 adfirmandaa

187 1684 266 1759 leges
292 1680 448 1754 amicitiae,
467 1690 498 1742 et
521 1681 715 1741 adtuendam
739 1700 926 1751 communem
944 1701 1045 1760 pacem
1067 1682 1201 1777 reipubl(

187 1767 265 1826 Hinc
284 1782 317 1824 rc
318 1765 374 1824 sert
380 1767 473 1861 lupo
495 1761 518 1825 7.
540 1783 567 1824 6.
590 1766 700 1843 pluries
722 1765 809 1824 fuisse
831 1765 1031 1843 dispensatum
1051 1766 1089 1826 ob
1091 1764 1197 1847 justas

187 1866 287 1921 causas
300 1849 487 1908 matrimonia
505 1848 581 1908 inire
598 1847 818 1908 66761767677676
830 1891 838 1920 ,
852 1857 886 1907 ut
900 1849 1000 1925 patere
1009 1850 1051 1907 ait
1064 1867 1100 1908 ex
1112 1867 1195 1909 conc.

186 1933 354 1993 1667766667
369 1950 421 2003 ,66
433 1932 591 2009 Agathensi
609 1976 617 2004 ,
634 1941 665 1991 67
675 1933 825 2009 signanter
843 1940 1009 2004 testantur,
1025 1929 1197 1992 Clementem

192 2017 283 2079 VIII
298 2034 376 2079 anno
402 2018 489 2076 root.
515 2017 687 2077 concessisse
703 2016 949 2094 dispensationem
968 2015 1035 2074 duci
1056 2016 1195 2089 Barcaei,

186 2109 223 2163 ut
236 2101 358 2160 duceret
373 2098 567 2161 6677677666
579 2119 661 2160 suam
678 2099 921 2177 consanguineam
935 2116 1064 2159 sororem
1077 2098 1200 2160 Heorici

188 2188 208 2248 1
212 2188 248 2250 V
259 2185 337 2263 regis
347 2186 530 2257 Galliarum,
544 2184 612 2245 culm
626 2184 721 2245 adhuc
736 2194 811 2244 esset
825 2183 970 2244 haeretica.
988 2185 1024 2242 Et
1037 2181 1084 2242 hic
1095 2183 1198 2245 eedulb
1294 2253 1296 2257 ¹

189 2269 355 2331 notandum
374 2268 404 2328 id
426 2267 506 2347 quod
536 2268 662 2329 advertit
691 2269 774 2329 Sum
800 2271 839 2328 P
856 2262 1036 2327 Benedictus
1056 2268 1148 2327 Xll'
1163 2264 1199 2328 de

186 2353 261 2432 Syn
277 2349 299 2412 l
319 2353 348 2412 7
362 2371 387 2417 6
410 2353 440 2412 6.
455 2371 491 2413 ea
513 2353 682 2423 Veroerue,
710 2352 790 2429 qubd
816 2352 853 2411 de
869 2350 1017 2412 Pontificis
1035 2358 1197 2429 potestate,

187 2445 343 2533 postquam
359 2433 408 2495 hic
427 2435 594 2513 dispensat,
609 2396 745 2496 dubitare
756 2479 764 2507 ,
777 2439 869 2495 instar
883 2434 1027 2512 sacrilegii
1038 2443 1108 2494 est·
1100 2478 1108 2493 .
1123 2443 1199 2497 esset

188 2521 270 2580 caim
293 2518 408 2579 Christo
427 2520 508 2597 quasi
526 2519 723 2596 exprobrare,
737 2518 818 2598 qubd
832 2536 892 2579 non
908 2518 976 2577 satis
989 2518 1121 2579 Ecclesia
1137 2537 1198 2582 sua

211 2603 375 2675 ravidisset.

189 2624 209 2683 p
229 2690 320 2748 Docet
337 2695 436 2747 autem
449 2688 530 2770 lopo
550 2706 581 2747 6
602 2689 651 2748 51
662 2686 741 2765 qubd
758 2685 795 2747 ad
811 2689 869 2748 tale
881 2689 1103 2750 matrimonium
1125 2648 1199 2769 opus

189 2782 235 2834 cst
246 2773 483 2848 dispensatione
506 2773 639 2832 saltem'
631 2792 662 2831 m
682 2773 752 2832 locis
769 2773 842 2833 ubi
833 2784 876 2834 est
895 2775 1101 2836 consuetudo
1092 2795 1124 2834 777
1142 2775 1199 2835 hu-

135 2864 137 2867 ’
185 2855 317 2951 jusmodi
338 2854 436 2914 dubiis
456 2856 627 2915 recurrendi
647 2856 684 2916 ad
701 2859 829 2935 Papam,
853 2859 922 2936 quia
948 2859 1072 2919 Ecclesia
1093 2856 1199 2918 meritb

190 2939 288 3018 potuit
299 2955 449 2997 reservare
458 2936 621 3014 judicium,
636 2957 674 2999 an
693 2942 816 3000 subiciat
833 2960 918 3001 cansa
931 2986 938 3011 ,
952 2942 998 3001 vel
1014 2960 1052 3001 an
1069 2957 1199 3017 praepon-

174 3024 276 3084 deret
295 3021 460 3099 periculum
483 3022 565 3082 mali.
592 3023 786 3083 Probabiliter
808 3035 907 3083 tamen
928 3025 999 3084 dicit
1019 3025 1199 3083 6176676

189 3103 260 3168 aliis
279 3102 361 3184 apud
375 3104 464 3164 crota
489 3102 510 3164 7.
532 3109 562 3166 7.
576 3124 608 3164 6.
629 3107 679 3166 97.
703 3106 816 3183 (666776
833 3105 942 3166 866677.
968 3112 996 3164 67
1011 3105 1114 3178 Pont.)
1138 3122 1199 3166 non

190 3207 253 3251 csse
270 3204 345 3266 opus
373 3187 610 3265 dispensatione,
636 3189 754 3266 quamdo
782 3206 849 3266 pars
867 3188 1003 3247 haeretica
1033 3186 1110 3248 scrib
1129 3205 1200 3264 pro·

190 3273 291 3333 mittat
307 3273 548 3339 conversionem
570 3283 604 3332 ut
619 3273 747 3330 vidimus
769 3269 855 3349 supra
870 3269 932 3345 jam
946 3270 1039 3348 excipi
1061 3271 1092 3329 in
1114 3288 1197 3330 cone.

190 3354 462 3417 Chalcodon.1mb
489 3364 572 3435 putat
594 3352 724 3416 Hortod.
747 3352 829 3434 opud
845 3354 934 3414 Croia
960 3354 1092 3414 sufficere
1116 3372 1199 3434 spem

190 3436 389 3499 conversionis
413 3445 509 3498 ortam
533 3457 570 3499 ex
602 3437 694 3517 ipsius
712 3437 829 3509 indole,
848 3438 896 3497 vel
925 3437 1054 3498 aliunde
1075 3439 1199 3513 Quando

191 3531 291 3581 autem
310 3519 424 3580 licitum
440 3528 485 3581 est
505 3516 646 3583 6671761766
670 3520 843 3583 contrahere
858 3540 926 3582 cum
943 3521 1097 3598 lroerotico,
1117 3521 1199 3585 tantb
1267 3528 1273 3538 '

192 3605 285 3683 magis
300 3603 401 3665 licebit
423 3604 550 3683 parocho
566 3607 699 3667 assistere
719 3606 755 3666 nd
770 3607 827 3667 tale
846 3605 1026 3686 conjugium.
