2576 4168
264 190 338 272 Cep.
348 194 379 252 2.
394 189 527 265 Desiste
538 188 717 252 clericorum.
730 187 810 250 Dacb.
822 191 852 248 l.
862 191 931 251 «Art.
945 192 973 251 t.
1093 195 1130 255 55

120 308 240 356 menon
255 286 459 358 pentecostes,
474 289 580 349 etIesti
596 289 733 365 Corporis
743 282 860 349 Christi.
881 287 926 350 ln
947 291 1018 353 verb
1040 311 1131 353 causac

120 379 212 454 supra
226 374 322 434 allate
337 372 483 432 sufficiant
497 372 533 431 ad
547 371 741 432 excusandam
751 370 911 430 absentiam
922 375 1130 454 Episcoporum

119 476 178 537 pro
190 457 289 516 tribus
304 456 454 516 mensibus
466 455 482 514 a
500 455 679 514 Tridentino
693 454 855 522 concessis,
868 455 914 513 rel
930 474 1022 516 causeo
1039 460 1130 536 majo-

119 559 168 601 res
179 540 227 600 his
240 542 456 617 requirantur?
470 538 621 616 Perpendc
642 538 674 596 id
687 538 766 615 quod
783 539 813 595 in
827 538 937 617 duplici
952 541 1016 599 loco
1027 541 1063 601 de
1075 541 1131 604 hoc

120 631 233 702 puncto
254 623 329 682 dixit
346 629 446 681 noster
465 623 517 681 SS.
529 624 568 682 P.
583 620 732 681 Benediet
755 623 789 681 X
790 622 806 680 I
810 624 845 683 V.
872 624 948 682 Nam
964 623 997 682 in
1010 641 1070 683 uno
1086 628 1130 686 vi·

119 708 211 768 detur
224 724 339 766 musam
353 705 485 766 absolute
503 723 621 783 gravem
645 706 797 783 requirere
818 706 854 765 ad
870 706 1065 768 excusandum
1078 731 1087 785 3
1099 711 1130 770 in

121 792 217 851 altero
233 789 307 851 verb
325 790 400 849 solas
422 808 521 849 causas
541 789 639 850 sutiles
653 790 791 849 excludit.
809 792 853 849 En
867 791 958 850 rerba
978 793 1128 852 Pontificis

121 876 154 935 in
167 874 247 935 bulla
267 892 334 950 qne
349 873 453 950 incipit
474 874 581 944 Grave,
596 883 652 935 etc.
665 873 743 932 edita
764 873 813 932 die
832 877 870 933 lb
890 875 1015 952 August.
1039 876 1127 936 ΠΜ.

120 960 250 1020 scribens
274 959 316 1018 ibi
341 957 379 1016 ad
403 958 559 1035 Episcopus
587 959 753 1032 Hibernos,
778 967 808 1017 ct
836 976 1020 1036 conquerens
1048 961 1127 1039 qudd

121 1042 216 1119 aliqui
235 1043 369 1118 ipsorum
393 1040 442 1098 rix
458 1058 512 1117 per
535 1059 665 1101 mensem
689 1042 721 1099 in
743 1042 804 1099 'suis
825 1040 996 1102 dioecesibus
1022 1043 1131 1102 reside-

122 1127 219 1201 bant3
236 1125 345 1184 deinde
371 1123 414 1183 sie
436 1123 478 1182 ait
498 1122 668 1205 :Episcopi
689 1126 761 1183 sont
785 1122 930 1184 resistendi
953 1123 1045 1186 debite
1059 1128 1133 1187 satia

122 1212 311 1289 nequaquem
335 1205 475 1285 fociant,
505 1205 561 1286 qni
570 1225 628 1287 per
650 1205 745 1266 oliam
767 1207 787 1265 d
803 1223 833 1267 re
861 1206 1050 1267 substitutam
1081 1227 1132 1269 scu

121 1292 266 1352 vicariam
281 1285 443 1351 Ecclesium
458 1298 581 1370 mpetu,
603 1288 666 1350 nisi
686 1288 764 1368 foret
789 1289 830 1350 ad
847 1289 928 1349 breve
955 1297 1084 1369 tempus,
1105 1301 1134 1353 et

120 1376 206 1455 proni
216 1375 252 1434 de
263 1392 354 1435 aaran
369 1372 402 1434 id
409 1367 502 1451 fieret.
517 1377 551 1433 ln
568 1375 623 1432 alia
640 1383 737 1449 autem
757 1374 835 1432 bulla
847 1417 854 1442 ‚
868 1388 934 1450 quoe
948 1374 1051 1451 incipit
1066 1375 1133 1436 :Aa

121 1460 263 1521 ccnincrace
276 1503 285 1530 ‚
300 1459 378 1518 edita
390 1458 439 1517 die
454 1459 483 1517 ὅ.
502 1458 679 1536 Septembris
690 1456 775 1518 tlte.
795 1459 961 1529 declarans,
981 1460 1076 1535 qualis
1093 1462 1131 1519 sit

121 1566 293 1628 eaosnaequa
302 1547 464 1626 requisitae
476 1548 662 1619 Tridentino,
672 1566 725 1627 pro
735 1549 876 1609 trimestri
886 1548 1013 1607 absentia
1021 1551 1133 1628 Episco-

121 1650 245 1713 porum
258 1634 345 1692 dicit:
354 1631 456 1693 Animi
466 1629 585 1701 lenitas,
596 1626 817 1695 oblectationum
829 1630 994 1711 cupiditas,
1007 1629 1131 1713 aliaeque

118 1716 219 1798 [utiles
234 1733 330 1777 canace
348 1714 465 1796 penitis
482 1714 688 1775 contradantur.

157 1804 283 1876 Insuper
305 1799 403 1876 quoad
430 1794 505 1856 hade
529 1794 740 1876 Episcop‘orum
763 1796 951 1859 residentiam
972 1800 1055 1878 plura
1075 1801 1130 1859 alia

120 1884 170 1946 hle
183 1882 286 1943 seduli
298 1892 416 1961 oportet
433 1882 572 1945 adnotare
583 1927 592 1955 ‚
603 1902 669 1960 quae
687 1882 833 1943 habentur
854 1886 885 1943 in
904 1885 983 1943 bulla
994 1884 1040 1944 Act
1054 1885 1129 1944 uni·

120 1983 307 2034 uersm‚mex
321 1965 518 2044 supracitata.
539 1968 573 2024 ln
592 1985 626 2025 ea
639 1964 707 2024 aute
727 1967 824 2026 amnia
842 1965 1075 2039 confirmantur,
1098 1976 1129 2026 et

121 2049 334 2128 praecipiuntur
352 2050 464 2109 serrari
493 2049 524 2109 in
544 2049 654 2109 virtute
681 2059 788 2111 sanctae
809 2049 981 2109 obedientiae
1009 2053 1130 2109 Decreta

120 2134 178 2194 Irae
193 2132 231 2192 de
252 2149 284 2191 re
303 2133 381 2192 edita
395 2152 451 2212 per
477 2131 568 2192 Pium
581 2134 644 2194 IV.
659 2133 745 2211 Grep.
761 2131 856 2191 XIII.
881 2128 970 2190 Circa..
995 2133 1083 2191 VIII.
1100 2143 1130 2191 et

120 2218 283 2296 prasertim
299 2219 478 2276 iunorantur
492 2218 614 2279 Decreta
627 2215 740 2277 IIrboni
753 2216 842 2275 VIII.
860 2214 911 2272 nbi
925 2214 1130 2290 praescriptum

118 2304 214 2363 fuerat
233 2300 363 2374 aaran
380 2301 509 2360 incuria
531 2309 654 2377 possunt
676 2297 812 2375 Episcopi
832 2297 952 2355 mandre
963 2297 1063 2354 llamae
1078 2315 1130 2374 per

121 2402 250 2445 mensem
276 2385 338 2462 (qni
356 2391 455 2443 tamen
478 2378 516 2442 ex
534 2383 720 2442 concessione
741 2378 889 2439 Benedict.
906 2381 1002 2440 XIII.
1026 2396 1141 2456 prora-⁸

120 2469 182 2546 gari
202 2475 300 2545 potest
317 2483 371 2544 pcr
393 2467 465 2528 alies
481 2468 521 2526 40
547 2467 609 2525 dies
626 2463 643 2522 i
660 2464 769 2522 vierrlo
795 2461 966 2540 Pontifieis).
992 2463 1021 2522 2.
1044 2463 1128 2536 Quod

120 2551 253 2630 lipiseepi
273 2550 441 2609 aecedentes
469 2550 507 2609 ad
536 2549 640 2608 limina
666 2545 873 2625 Apostolorum
889 2547 973 2623 juxta
995 2553 1128 2623 tempora

118 2643 226 2695 statuta
239 2635 338 2694 abesse
354 2640 478 2709 pessunt
487 2649 542 2712 per
561 2636 688 2710 quatuor
698 2647 827 2704 menses,
840 2634 871 2689 et
882 2647 935 2709 per
946 2638 1059 2708 septem
1079 2674 1086 2700 ,
1103 2632 1128 2690 si

120 2717 252 2795 ipsorum
264 2717 398 2776 Ecclesiae
413 2717 474 2776 sint
492 2719 570 2791 ultra
583 2731 665 2776 mare
680 2715 725 2773 vel
745 2722 860 2773 montes
870 2715 982 2791 posito.
1000 2715 1029 2773 5.
1042 2713 1128 2785 Quod

118 2803 143 2860 si
158 2800 293 2878 Episcopi
310 2801 445 2875 occupari
463 2799 636 2859 debeant'in
647 2818 650 2825 ’
662 2797 793 2857 eonciliIs
813 2790 1059 2874 provincialibus,
1075 2806 1127 2855 ant

119 2881 394 2958 congregationibus
408 2880 691 2955 ecclesiasticorum,
704 2879 751 2938 rel
765 2879 797 2940 in
824 2879 926 2940 officiis
938 2880 1125 2958 reipublice,

119 2982 185 3040 quae
198 2965 331 3040 ipsorum
348 2964 564 3041 episcopatibus
575 2957 634 3023 siir't
649 2962 806 3038 adjuncta,
820 2970 942 3040 possunt
962 2963 1060 3021 abesse
1073 2980 1128 3038 pro

119 3055 253 3123 tempore
266 3046 308 3104 ad
318 3063 353 3105 ea
369 3048 542 3107 necessario.
558 3049 589 3106 d.
600 3046 835 3123 Qubd'Episcopi
856 3063 916 3104 non
932 3053 1054 3122 pessunt
1072 3044 1128 3100 tri-

119 3136 260 3189 mestrem
282 3129 472 3189 absentiamd
488 3130 661 3205 Tridentino
676 3130 839 3188 cencessum
859 3127 1037 3203 conjungere
1059 3141 1126 3183 cum

119 3228 155 3269 ce
168 3212 320 3288 tempore,
335 3229 399 3287 quo
410 3212 466 3289 ipsi
483 3212 657 3273 commorari
671 3210 780 3270 debent
792 3230 801 3266 ι
815 3210 877 3269 sive
892 3226 958 3266 cum
979 3208 1013 3264 ed
1026 3249 1035 3276 ‚
1047 3206 1127 3283 quod

118 3293 190 3370 ipsis
198 3294 371 3357 conceditur
381 3295 509 3354 adeam
522 3297 637 3368 limina,
646 3291 791 3351 visitanda
805 3311 814 3363 3
826 3291 887 3347 sire
904 3306 972 3347 cnm
990 3306 1046 3360 eo,
1068 3304 1127 3364 quo

117 3384 241 3452 propter
251 3377 327 3436 airis
342 3377 576 3438 insalubritatem
593 3376 665 3456 ipsis
682 3379 764 3433 extra
783 3370 929 3429 dloecesim
941 3371 1046 3450 degere
1057 3388 1126 3449 pcr-

119 3459 250 3518 mittitur
260 3481 269 3534 ;
281 3478 337 3519 nee
351 3471 473 3537 possunt
491 3463 653 3522 trimestres
671 3455 760 3516 unius
774 3453 855 3512 anni·
868 3452 1048 3534 conjonmrr
1058 3472 1124 3515 eum

119 3539 263 3600 trimestri
275 3543 348 3601 anni
360 3545 517 3619 sequentis.
863 3540 866 3546 ’
