2562 4166
145 260 202 329 tto
359 258 424 332 tib,
437 250 951 342 ii.Deprccrcpticporticriiorilos.‘
1015 262 1017 267 ’

175 386 201 428 ,ι
220 365 252 425 2.
264 360 360 425 iudex
372 375 472 421 careus
484 358 643 439 necessarii
652 354 770 418 'scientie
780 375 841 418 non
851 354 938 417 debet
948 353 1060 418 absolvi
1073 399 1082 432 ,
1093 357 1167 420 nisi‘

145 473 157 500 ιι
182 447 255 509 tacu
266 444 485 509 renuntiatione
500 444 588 504 oliicii
601 486 609 513 ,
622 443 670 502 vel
687 442 742 502 nisi
753 441 877 502 firmum
892 438 998 500 habeat
1015 442 1159 520 proposi*

146 554 163 583 ι·
184 539 247 592 tum
267 527 469 591 renuntiandi.
485 529 527 587 lta
548 527 581 608 S„
602 524 699 587 rite.
720 526 751 585 2.
770 530 801 607 ᾳ.
823 524 873 583 67.
885 525 956 584 ost.
971 523 1038 601 Cuj,
1052 522 1158 585 Cluuiis

146 643 159 669 ιι
183 608 668 697 rep.l.l2.c.l5.n.2.llepin.cl.
681 611 730 670 at.
742 609 1154 671 nonistorum-lorice.

146 727 159 752 ι
183 702 214 763 5.
221 706 305 797 part.
318 717 349 780 q.
358 697 391 765 ,5.
406 703 465 757 ort.
479 697 528 756 16.
541 697 625 756 ilatio
638 702 699 768 est,
711 693 889 773 quianullus
902 692 998 771 potest
1009 692 1154 766 officium,

124 804 130 824 ³
146 810 159 837 ι
184 800 268 861 cupas
290 781 392 847 munia
406 781 490 843 obire
515 797 577 840 nou
594 786 710 857 potest,
730 774 877 851 retinere,
899 774 1155 857 praesertimoom

146 892 161 922 ιι
185 867 315 938 damno,
330 864 380 927 ael
388 862 520 945 periculo
530 862 670 942 proximi.
966 862 968 865 ’
1068 876 1070 881 ·
1099 876 1102 883 ’

190 984 204 1014 ιι
223 961 253 1023 5.
276 960 307 1020 si
318 957 413 1036 juder
429 975 465 1017 ex
484 955 591 1039 magni
614 953 763 1033 imperitia
787 952 864 1017 male
880 952 1014 1035 judicet,
1034 960 1156 1015 tenetur

148 1072 161 1098 ιι
186 1043 223 1107 ad
235 1044 375 1104 interesse
385 1043 462 1121 parti
473 1041 571 1112 leesor,
585 1048 615 1100 ct
624 1039 660 1099 ad
668 1054 807 1117 expensas
819 1038 880 1099 litis
890 1057 899 1113 3
909 1032 953 1097 uti
964 1037 1054 1097 etiam
1063 1038 1158 1116 ,oao-

130 1174 136 1184 .
148 1155 161 1182 ιι
183 1129 363 1209 tiescumque
375 1126 504 1188 notabile
524 1125 686 1196 damnum,
699 1123 807 1184 sivein
825 1122 984 1183 substantia
997 1122 1072 1195 litis,
1092 1124 1158 1183 sire

149 1239 161 1265 ιι
187 1212 218 1272 ἰιι
243 1210 400 1291 superfluis
421 1211 575 1290 expensis,
593 1204 714 1288 propter
734 1206 797 1284 ejus
820 1206 996 1288 culpabilem
1015 1205 1159 1285 ignorana

150 1321 162 1348 ιι
186 1296 284 1368 tiam,
314 1295 447 1375 partibus
468 1290 649 1371 litigantibus
667 1287 798 1352 accidit.
822 1287 1047 1373 Bonaercorci.
1073 1291 1159 1368 Lupo

150 1404 163 1432 ιι
198 1376 232 1439 ll.
242 1398 282 1441 ec.
292 1405 306 1434 ιι
318 1380 386 1458 (Est
398 1394 548 1451 commune
559 1394 625 1436 euin
634 1372 726 1436 Solon.
738 1373 772 1436 de
784 1368 867 1455 offic.
878 1391 944 1453 cop.
954 1371 1029 1438 nde
1043 1371 1157 1454 judice.
1191 1394 1196 1403 ·

149 1483 181 1544 p.
196 1464 226 1525 6.
239 1481 273 1523 ιι.
288 1465 337 1525 68.
351 1460 497 1543 quidquid
506 1459 607 1522 dicunt
616 1456 724 1539 reliqui
733 1452 926 1541 jurisperiti.)
939 1468 946 1537 j
979 1470 982 1476 ·
1002 1528 1007 1535 ,
1098 1464 1101 1473 ’

193 1585 207 1615 ι
226 1563 257 1622 l.
270 1550 400 1640 Sijudeu
411 1568 546 1638 agnoscat
557 1576 688 1637 errorem
707 1556 724 1617 6
740 1575 772 1617 se
795 1556 859 1636 (etsi
876 1556 939 1617 sine
957 1554 1039 1639 gravi
1058 1545 1157 1635 calpa)

152 1673 164 1699 ι
188 1644 380 1707 commissum·
397 1647 428 1705 in
450 1643 654 1724 prejudicium
677 1642 842 1722 litigantis,
860 1649 997 1720 tenetur,
1018 1640 1043 1702 si
1063 1646 1161 1720 potest

151 1756 164 1783 ιι
188 1730 260 1789 citra
278 1730 448 1803 infamiam,
463 1727 607 1807 impedire
621 1745 781 1799 errorem,
799 1745 829 1787 v.
841 1745 871 1807 g.
888 1724 1035 1801 monendo
1046 1712 1161 1785 occuito

152 1840 164 1866 ι
190 1822 305 1891 partem
322 1815 441 1886 laesam,
462 1820 497 1873 at
522 1811 577 1871 sibi
605 1812 818 1889 appellatione,
840 1810 886 1869 vel
905 1810 991 1869 aliter
1014 1807 1161 1882 consulat;

153 1923 165 1949 ιι
190 1897 259 2041 puio
276 1897 304 1957 id
317 1897 446 1975 pertinet
457 1897 494 1968 ad
509 1895 639 1958 debitam
649 1896 781 1956 muneris
793 1895 1005 1957 executionem.
1023 1894 1159 1972 DeLupo

153 2007 166 2034 ιι
205 2001 253 2043 ,6.
268 2000 352 2042 num.
366 1982 396 2041 ὅ.
923 2034 926 2037 .

192 2075 307 2134 196.-
323 2076 438 2154 riles‘p.
461 2077 491 2135 2.
503 2073 596 2152 judex
614 2081 732 2134 tenetur
753 2091 850 2134 causas
864 2071 1017 2150 judicare,
1040 2069 1161 2152 etcele·

155 2184 166 2210 ιι
190 2159 262 2219 riter
271 2156 408 2243 expedire
419 2202 426 2230 ‚
439 2160 507 2236 quia
519 2176 556 2217 ex
568 2156 663 2219 officio
672 2165 787 2217 tenetur
799 2158 905 2234 cuique
918 2156 1049 2215 tribuere
1059 2169 1159 2227 suum3

154 2270 166 2297 ιι
191 2243 271 2323 quod
287 2262 347 2305 uon
362 2243 429 2304 lecit
439 2245 464 2303 si
478 2244 652 2305 sententiam
665 2243 728 2303 sine
742 2242 821 2320 justa
835 2260 919 2330 causa
932 2240 1042 2301 differt.

382 2396 932 2507 Underesoloooturaequcnteocosuar
1023 2416 1026 2423 ’

85 2623 94 2646 0
197 2636 211 2666 ι
231 2611 365 2680 moder
384 2612 550 2672 mortaliter
568 2619 788 2690 peccatcontra
801 2611 932 2672 officium
946 2629 1055 2680 ruem,
1074 2609 1159 2670 oinc-

155 2720 167 2748 ι
193 2693 285 2754 rende
295 2694 380 2753 valdo
394 2695 565 2755 notabiliter
579 2710 732 2755 causarum
753 2696 991 2774 expeditionem,
1005 2695 1073 2753 ,sine
1080 2692 1160 2769 justa

157 2802 168 2830 ιι
192 2795 286 2838 causa
301 2774 382 2857 Sylv.
393 2795 423 2836 e.
435 2775 534 2838 ludeo
543 2823 554 2854 ‚
563 2797 592 2859 p.
605 2781 653 2839 lt.
667 2775 843 2860 Clavisllcp.
855 2796 879 2840 c.
898 2782 947 2840 ln.
956 2796 989 2838 a.
1001 2779 1031 2839 8.
1042 2777 1121 2839 Noa.
1131 2794 1159 2835 c.

154 2887 166 2915 ιι
193 2863 243 2924 at.
253 2881 289 2937 a,
300 2864 347 2923 lla.
360 2869 413 2922 ete.
426 2879 493 2921 com
506 2865 584 2922 Bon.
596 2862 628 2923 al.
643 2864 692 2923 to.
703 2881 733 2943 q.
748 2865 778 2925 2.
791 2882 825 2944 p.
837 2865 867 2923 5.

101 2955 108 2962 ’
199 2979 212 3009 ιι
232 2955 262 3017 2.
276 2956 311 3013 ln
322 2970 389 3022 casu
403 2953 481 3014 dicto
494 2998 503 3028 ,
516 2954 594 3015 idem
609 2954 701 3032 judex
718 2963 835 3036 tenetur
847 2954 923 3034 parti
940 2938 1019 3016 letae
1029 2953 1133 3014 damna
1149 2994 1158 3023 ,

154 3068 166 3095 ι
192 3048 222 3101 ot
243 3055 403 3119 expensas,
420 3057 487 3117 quae
506 3057 543 3099 ex
559 3039 661 3118 iniqua
682 3039 823 3105 dilatione
842 3046 946 3100 secutae
966 3046 1056 3109 sunt,
1073 3035 1161 3095 rosn-

155 3152 167 3178 ι
193 3135 276 3211 tuere
290 3143 299 3182 ι
311 3125 379 3203 quia
392 3132 436 3183 est
447 3134 549 3187 earum
564 3123 671 3201 injusta
683 3142 778 3185 causa.
795 3122 873 3185 roto.
884 3114 974 3185 'Acce
986 3113 1019 3183 li.
1030 3139 1092 3188 tor

192 3217 240 3279 Au
255 3223 354 3277 autem
363 3213 455 3301 judex
469 3215 559 3294 possit
572 3217 701 3294 accipere
716 3217 871 3295 pecuniam
890 3214 927 3276 ad
949 3211 1161 3293 expediendam

155 3318 271 3377 cauum
285 3299 408 3387 alicujus
419 3316 481 3377 prae
495 3301 550 3375 alia
561 3305 575 3360 l
588 3303 666 3363 Dicit
678 3304 785 3382 leym.
800 3297 820 3360 i.
834 3303 864 3362 5.
876 3307 944 3363 rect.
953 3301 987 3360 li.
999 3295 1079 3360 tel.
1092 3316 1118 3357 o.
1127 3298 1159 3357 l.

154 3403 189 3459 o.
204 3384 234 3444 9.
257 3390 386 3460 spectato
407 3383 477 3460 J’ure
501 3384 627 3444 naturali
640 3403 721 3456 ‚nou
742 3384 899 3461 audereid
924 3378 1161 3458 damnare,quia

156 3468 206 3539 illa
218 3483 293 3527 nova
300 3466 440 3542 obligatio
453 3508 461 3540 ,
476 3484 571 3544 ,qaam
587 3469 724 3547 suscipit,
734 3477 785 3529 ¹est
805 3468 900 3546 pretio
921 3464 1022 3547 digna.
1038 3463 1160 3525 Sed've·

156 3544 219 3607 riias
234 3548 437 3606 contradicunt
457 3545 551 3608 Solen.
571 3545 592 3608 l.
611 3550 661 3610 eit.
676 3566 708 3609 n:
732 3552 780 3611 66.
795 3550 864 3629 quie
883 3549 973 3628 judex
992 3564 1028 3608 ex
1046 3546 1161 3625 justitia

156 3631 274 3689 tenetur
286 3627 345 3686 cito
361 3629 497 3707 expedire
507 3650 604 3692 causas
616 3651 719 3695 corum
735 3677 743 3710 ,
760 3636 811 3713 qui
824 3636 935 3713 aequale
945 3633 995 3711 jus
1004 3631 1113 3693 hahent
1123 3631 1161 3690 al
