2562 4166
227 241 299 322 Cop.
315 237 344 307 5.
358 237 403 298 De
422 233 516 318 officio
532 233 816 300 secularium.Duir.
827 239 929 334 ialrt.
944 240 975 302 1.
1045 240 1104 303 tut

143 368 158 398 ι
178 344 207 405 1.
219 342 276 414 Qui
295 341 389 403 sciens
405 357 459 417 per
479 338 618 415 injustum
629 341 806 402 sententiam
822 341 899 400 matt
917 341 976 400 lide
994 345 1103 421 occepit

97 452 113 483 s
137 429 231 501 bono,
246 432 365 485 tenetur
380 441 413 483 es
427 440 542 500 semper
561 424 734 495 restituere,
754 441 850 500 neque
873 428 1003 501 unquam
1027 443 1104 503 prce·

97 537 112 565 s
136 511 264 573 scribere
278 514 392 586 potest,
410 507 479 583 quio
497 514 566 567 sunt
583 507 698 583 cliens,
717 514 747 567 et
765 524 912 585 possessor
928 508 1012 567 mulce
1033 509 1102 573 fidei

96 617 112 648 s
136 610 290 669 nunquam
309 590 469 670 prescribit
485 609 493 647 ε
509 590 570 653 imo
591 597 709 649 tenetur
722 607 861 667 expensas
877 590 1051 662 restituere,
1074 598 1104 652 et

97 700 113 730 s
139 690 330 754 compensare
348 673 471 743 clamne,
495 672 609 732 etiamsi
629 691 697 751 pers
719 674 786 735 lest
811 690 872 737 non
895 674 1102 754 appellaverit,

98 783 113 814 s
138 757 206 821 otim
221 776 281 819 non
294 757 446 817 renuntiet
462 755 528 816 ideo
538 752 600 833 juri
615 775 679 816 suo.

143 877 159 906 o
177 853 206 912 3.
218 849 276 924 Qui
297 849 375 911 bont
396 848 455 910 fide
481 868 546 910 rem
567 848 753 928 postolavitl
767 849 884 927 judice,
902 859 932 913 et
951 846 1029 914 tent
1047 852 1104 915 lide

98 966 115 1006 ιι,
137 936 263 1011 accipit,
275 934 476 1012 intelligitque
495 942 564 993 ente
583 943 698 1011 tempus
713 937 941 1014 praescriptionis
965 937 1103 1011 finitum,

99 1046 115 1075 o
139 1021 226 1082 tuisse
235 1018 412 1078 sententiam
429 1017 567 1092 injustam
578 1060 587 1089 ‚
598 1024 715 1078 tenetur
725 1035 806 1090 eum,
820 1036 879 1078 nou
893 1028 990 1080 tumen
1002 1038 1106 1099 expcn-

99 1131 115 1162 ι
138 1122 184 1166 ses
198 1102 364 1163 restituere.
381 1100 411 1160 Si
424 1099 496 1160 verti
517 1100 646 1178 possedit
665 1116 729 1160 rem
741 1100 818 1161 boni
830 1099 907 1173 lide,
919 1110 1052 1180 tempore
1067 1103 1104 1163 od

99 1214 115 1257 η
139 1183 390 1266 proscribendum
415 1183 594 1255 necessario,
618 1200 678 1242 non
701 1191 818 1243 tenetur
841 1185 1012 1262 restituere,
1035 1188 1105 1265 quie

98 1295 114 1327 n
138 1266 269 1349 legitime
282 1267 466 1347 prescripsit.
479 1263 581 1328 salon.
591 1269 679 1346 Soyr.
694 1264 790 1328 Troili.
811 1264 833 1328 1.
847 1285 874 1328 e.

74 1424 77 1431 ,
108 1418 114 1431 ,
138 1365 260 1426 1111-
273 1385 288 1414 c
299 1361 418 1434 Quaeres
431 1361 460 1420 t.
476 1360 553 1435 Quid
569 1360 656 1421 licent
665 1358 757 1437 judici
773 1361 848 1421 circo
868 1368 1011 1424 munero?

143 1480 159 1512 α
179 1453 327 1534 Respond.
349 1454 379 1513 1.
404 1451 499 1512 lltsil
521 1453 653 1530 portibus
671 1473 793 1515 munero
813 1455 944 1516 liberalia
963 1455 1106 1536 occipiens

99 1566 116 1600 s
139 1538 299 1618 eliquendo
309 1544 424 1616 peccet,
439 1535 486 1595 vel
500 1536 538 1597 ob
553 1535 741 1608 scandulum,
757 1538 802 1598 vel
816 1538 854 1598 ob
867 1540 1028 1617 periculum
1038 1558 1105 1620 per·

99 1650 117 1681 s
138 1622 273 1685 vertenffl
282 1620 424 1703 justitiam
437 1663 445 1690 ‚
458 1628 643 1689 acceptorum
656 1629 753 1681 temen
767 1621 932 1683 dominium
944 1633 1104 1702 comparat,

100 1733 117 1764 ι
139 1714 269 1786 spectato
282 1704 480 1782 iureneturae.
492 1729 505 1756 ι»
523 1704 595 1780 (lloe
608 1712 650 1765 est
662 1722 810 1768 commuue
819 1747 827 1780 ‚
837 1713 864 1766 et
875 1714 995 1768 certum.
1009 1704 1104 1771 Scito.

99 1786 530 1870 derctt.e.l.p.7.n.170.)

146 1905 163 1935 ι
182 1880 310 1958 Respa
322 1877 382 1937 Etsi
400 1878 447 1937 lex
464 1878 588 1956 positive
609 1890 768 1940 munerum
788 1882 985 1958 acceptionem
1002 1880 1106 1960 prohi-

99 1991 118 2021 ι»
143 1966 234 2033 Met,
255 1963 394 2040 recipiens
412 1970 511 2022 temen
532 1980 594 2024 non
613 1971 731 2023 tenetur
751 1962 787 2021 ed
808 1966 1023 2031 restitutionem
1040 1975 1108 2026 ante

100 2073 118 2103 o
143 2046 317 2107 senientiam
332 2044 458 2119 pudicis,
482 2045 538 2105 nisi
561 2045 610 2104 lex
635 2046 781 2122 exprimet
794 2045 904 2123 ‚quid
926 2065 986 2106 non
1007 2048 1107 2111 illicite

99 2157 116 2188 ι
144 2126 340 2199 tentrim‚sed
358 2128 447 2189 etiam
462 2127 591 2188 invalida
605 2129 644 2187 sit
665 2127 804 2204 acceptio.
832 2126 904 2187 Vide
924 2130 1002 2187 Bon.
1015 2129 1057 2197 ¹in
1076 2130 1107 2190 0.

99 2240 117 2271 s
139 2231 192 2295 pr.
203 2230 232 2293 p.
242 2214 272 2273 1.
283 2230 317 2292 p.
329 2212 360 2271 8.
378 2212 482 2288 toym.
499 2207 521 2269 1.
533 2211 563 2275 5.
575 2216 612 2269 tr.
627 2211 657 2270 1.
666 2228 690 2269 o.
702 2212 731 2270 1.
745 2227 777 2268 o.
787 2209 816 2267 0.
827 2217 857 2268 et
868 2210 916 2268 10.

141 2300 377 2379 (inmiserint,
399 2319 438 2361 eo
456 2299 553 2380 judex,
566 2308 701 2365 teneatur
723 2298 878 2363 restituere
900 2304 1015 2379 eccepto
1041 2308 1110 2365 onte

99 2387 280 2461 sententium
294 2384 425 2462 judicis?
825 2397 831 2407 ·

141 2484 249 2546 mina
258 2483 376 2565 opion,
390 2499 480 2563 qinom
499 2490 602 2553 tenent
617 2484 705 2547 sotus
720 2479 743 2544 1.
754 2483 785 2545 1.
800 2495 831 2564 q.
852 2483 883 2546 t.
903 2490 963 2545 ort.
982 2484 1013 2546 1.
1024 2484 1066 2549 oti
1077 2488 1108 2549 1.

101 2575 135 2631 et
150 2565 264 2649 rapto,
280 2566 366 2629 Cord.
384 2567 506 2646 Rodriq.
519 2573 611 2648 orep.
624 2575 677 2632 etc.
698 2564 879 2648 optusum.
894 2567 966 2630 itio.
985 2589 1018 2630 n.
1040 2572 1108 2633 171.

101 2651 249 2722 affirmet,
261 2667 297 2710 ex
310 2646 364 2730 lep.
376 2650 603 2730 Jurispeotium.
617 2647 654 2728 ff.
673 2649 829 2731 depactis,
845 2648 900 2732 lep.
914 2650 950 2713 si
956 2649 1062 2737 plopii.
1072 2657 1108 2736 [Ῑ.

101 2732 229 2798 treet.
247 2731 334 2816 oblip.
350 2742 403 2795 ete.
426 2734 477 2793 ubi
493 2734 566 2819 tales
579 2737 786 2796 conventiones
806 2737 896 2797 nullae
913 2735 1108 2801 declarentur.

76 2828 85 2840 ·
102 2822 142 2880 ut
154 2819 234 2880 levet
248 2817 318 2880 huic
333 2818 485 2879 sententies
500 2820 542 2877 D.
560 2816 615 2878 ut.
635 2820 686 2896 qui
703 2821 734 2880 1.
746 2821 776 2881 1.
794 2837 825 2900 p.
842 2824 892 2882 61.
908 2829 967 2883 ort.
981 2825 1010 2883 tt.
1027 2821 1109 2887 111.

102 2902 198 2963 dicit:
216 2904 259 2962 Et
275 2901 349 2982 quia
361 2901 451 2962 etioro
466 2896 531 2976 tite,
546 2900 600 2980 qui
617 2900 743 2984 occipit,
759 2911 860 2966 contro
878 2901 968 2987 terem
985 2905 1109 2991 strepit,

102 3000 166 3046 ooo
177 2982 258 3046 debet
269 2985 327 3046 sibi
339 2985 473 3045 retiotre.

144 3079 278 3143 &ruodo
288 3080 389 3164 opinio
406 3081 477 3141 vero
492 3089 596 3161 negot,
613 3088 644 3144 et
664 3083 740 3161 hene
759 3072 863 3146 tenent
875 3081 996 3166 11911.
1010 3083 1058 3144 18.
1076 3101 1110 3149 rt.

104 3164 156 3224 111.
169 3168 248 3225 Lets.
257 3162 317 3228 11.
326 3184 352 3227 e.
364 3166 412 3225 lt.
424 3183 457 3224 o.
471 3164 519 3226 tt.
531 3173 558 3225 et
566 3168 596 3226 S.
608 3166 829 3227 Antonio.Poi.
842 3169 919 3226 Boo.
930 3168 1011 3225 Nou.
1021 3164 1111 3225 Azor.

109 3245 207 3307 trutt
221 3254 250 3307 et
265 3245 322 3310 olii
331 3247 414 3330 opud
430 3245 523 3308 Soloi.
537 3247 608 3309 itio.
621 3267 653 3307 o.
668 3252 736 3309 170.
749 3251 799 3324 qui
824 3248 908 3324 seque
928 3247 1112 3325 probabilem

105 3337 224 3389 vocent.
237 3330 322 3392 Ratio
331 3374 340 3402 ‚
348 3331 416 3410 quia
429 3330 490 3391 haec
502 3331 648 3390 restitutio
658 3347 719 3389 non
730 3328 852 3388 debetur
864 3328 977 3406 dejure
988 3338 1112 3405 naturae,
1184 3390 1187 3395 ,

107 3408 192 3487 juxto
215 3412 291 3474 diota
312 3408 625 3476 1111011011711.
646 3430 700 3475 nce
728 3411 765 3470 de
783 3411 852 3490 jure
876 3413 1021 3491 positivo,
1044 3415 1112 3491 quie

105 3494 185 3574 loges
200 3496 349 3574 prael‘otae,
367 3502 397 3557 et
414 3496 478 3557 uliae
494 3489 543 3555 vel
565 3495 773 3572 intelliguntur
792 3513 846 3574 pro
858 3496 921 3556 loro
935 3494 1049 3558 tantum
1062 3516 1113 3559 ex-

106 3590 211 3730 tirpo,
229 3587 285 3732 vell!
297 3584 335 3649 de
349 3584 534 3667 restitutione
552 3586 584 3649 in
597 3603 714 3666 poenout
732 3583 960 3732 criminisjppp
967 3605 1025 3665 quo
1036 3604 1113 3652 sem·

176 3683 235 3731 tm.
283 3707 295 3732 ι
