2620 4176
299 215 373 293 Cap.
390 214 417 275 1.
429 213 474 272 De
487 216 600 272 001000
613 227 739 273 sacram
751 184 819 273 000.
835 209 889 291 lep.
907 210 986 273 1101).
1000 217 1032 274 1.
1112 215 1170 275 117

155 308 348 393 proferatur,
361 310 435 371 daim
447 312 609 389 applicatur
620 310 743 373 materia
755 355 764 380 ‚
774 312 876 371 saltem
887 322 1040 393 antequam
1051 313 1171 374 desista-

158 408 212 456 tur
222 395 379 475 applicari.
394 397 438 454 lta
452 391 547 456 80100.
565 392 601 454 de
613 390 695 475 bapt.
707 413 734 454 o.
748 395 778 453 5.
788 413 821 474 p.
835 397 866 455 1.
878 393 949 455 aaa.
966 394 1046 455 unio.
1066 416 1099 458 a.
1116 400 1166 458 11.

155 477 266 542 10001.
285 497 319 560 p.
333 479 403 539 aaa.
418 496 452 538 a.
470 480 521 539 17.
539 479 614 541 Viva
625 476 661 539 ds
679 496 756 539 sacr.
772 497 803 559 p.
816 481 845 538 1.
858 497 890 538 o.
907 481 935 538 5.
947 498 980 539 ιι.
991 482 1020 538 5.
1034 482 1123 542 Roas.
1138 502 1167 542 c.

155 566 220 643 50.
231 565 339 626 101.
351 562 430 622 Etde
441 560 780 641 hocvidcturnoapossc
792 560 1003 633 dubitari‚cdm
1016 564 1047 623 in
1060 567 1169 625 Rituali

153 662 239 709 rom.
255 648 289 708 in
312 643 568 707 administratione
592 646 730 724 baptismi
751 647 793 706 sic
814 645 977 706 habeatur:
992 650 1034 707 Et
1046 666 1112 708 cum
1133 668 1169 709 ea

152 732 279 815 (scilieet
292 729 379 810 aqua)
390 728 540 792 sub-trias
551 728 736 808 infusione...
746 729 921 811 10011001...
932 732 975 791 sic
983 729 1080 791 diceus
1089 756 1100 790 .·
1110 735 1169 810 Ego

152 824 185 875 te
208 816 326 892 baptizo
340 815 372 874 in
397 815 519 875 nomine
537 814 632 872 Patris
654 819 709 888 sxa,
723 812 835 895 (andos
847 816 965 893 primo,
980 823 1010 874 et
1031 816 1095 875 Filii
1110 820 1167 890 sxa,

151 897 270 978 suadet
287 897 435 967 00000011,
452 905 483 956 et
495 896 633 973 „Spiritus
645 902 682 971 ›1‹
700 900 812 967 sancti,
835 897 948 977 frendat
972 895 1069 958 tertii).
1091 901 1168 977 Ergo

152 980 229 1042 cdm
243 1000 319 1060 aqua
343 1000 404 1046 oon
421 981 596 1040 infundatur
615 981 647 1041 in
669 982 762 1040 verbo
782 981 923 1062 baptizo,
941 999 1001 1041 non
1021 990 1065 1041 est
1089 982 1168 1043 cerat

153 1083 233 1145 opus
243 1110 253 1138 ,
265 1075 300 1126 ut
312 1064 328 1125 d
339 1064 486 1144 principio
497 1066 619 1125 materia
638 1066 738 1124 verbis
752 1066 855 1126 forma
867 1075 993 1144 aptatur.

193 1150 346 1222 Quaeritur
367 1159 487 1220 autem,
507 1167 544 1208 an
562 1150 594 1207 in
618 1149 684 1207 aliis
701 1151 890 1209 sacramentis
907 1158 1017 1227 preter
1028 1148 1169 1211 Euchari-

151 1233 242 1293 stiam
258 1277 268 1305 ‚
284 1242 320 1294 ut
338 1234 485 1304 diximus,
499 1232 623 1292 sufficiat
641 1233 774 1292 simultas
788 1234 906 1293 moralis
919 1278 928 1302 ‚
943 1235 984 1292 ita
997 1243 1031 1292 ut
1041 1236 1110 1293 satis
1128 1238 1168 1297 sit

150 1317 285 1376 formam
304 1317 435 1393 incipere
455 1317 554 1375 statim
578 1324 643 1393 post
662 1318 886 1395 applicationem
910 1319 1060 1376 materiae?
1074 1321 1168 1398 Negat

153 1402 253 1483 Cojot.
270 1406 377 1483 opusc.
389 1411 412 1461 t.
427 1405 457 1462 1.
474 1411 512 1462 tr.
532 1404 581 1462 16.
596 1403 647 1463 ubi
671 1404 795 1480 loquens
811 1404 848 1462 de
862 1403 1026 1481 baptismo,
1041 1407 1167 1482 requirit

148 1487 192 1553 ad
207 1486 386 1547 validitatem
399 1488 572 1547 sacramenti
585 1531 593 1557 ,
608 1486 687 1565 quod
700 1488 787 1547 verba
809 1486 984 1547 inchoantur
996 1490 1165 1569 priusquam

149 1569 272 1629 ablutio
290 1570 459 1647 perficiatur
481 1571 528 1629 vel
551 1568 574 1646 dy
589 1588 751 1642 converso,
772 1580 802 1631 et
825 1570 881 1630 hoc
896 1573 1014 1632 videtur
1035 1574 1165 1633 indicare

149 1654 247 1714 etiam
256 1656 415 1733 Scotusap.
429 1655 518 1713 Sator.
530 1652 563 1712 io
575 1657 603 1714 5.
618 1675 650 1736 p.
663 1654 693 1717 d.
707 1658 736 1717 2.
749 1664 816 1716 sect.
831 1657 899 1715 10.
915 1658 1002 1717 Hinc.
1014 1657 1070 1717 Sed
1083 1675 1164 1717 com-

151 1738 289 1798 muniter
299 1737 446 1795 affirmant
457 1739 547 1796 Soror.
561 1734 582 1795 1.
595 1756 619 1798 0.
637 1739 688 1815 qui
707 1740 882 1800 sententiam
898 1738 963 1820 Co'j.
977 1740 1099 1801 omnino
1116 1758 1165 1799 rs-

149 1820 244 1882 101111.
267 1822 341 1900 109.
352 1823 438 1900 Resp.
451 1821 530 1880 Mor.
544 1818 595 1882 lia.
611 1824 640 1880 1.
659 1819 842 1883 0101100055.
858 1825 907 1899 qui
922 1825 1003 1883 iliam
1020 1825 1164 1907 improba·

149 1905 249 1964 bilem
264 1912 358 1972 vacat.
384 1900 502 1964 Holzas.
525 1911 547 1963 t.
563 1908 593 1965 Ξ.
605 1923 639 1984 p.
650 1907 679 1964 5.
701 1926 755 1965 aar.
770 1909 799 1965 9.
821 1909 904 1965 Ceut.
927 1910 1036 1966 Tauris.
1053 1907 1087 1968 de
1103 1926 1164 1967 soc·

149 2006 225 2067 cap.
241 1989 271 2047 2.
282 1995 340 2046 art.
351 1990 381 2048 2.
397 1995 500 2068 punct.
517 1990 545 2047 1.
558 1988 591 2048 ia
602 1987 662 2065 fiac
679 1991 784 2067 Lupus.
798 1984 819 2047 1.
835 1990 864 2046 a.
881 1997 917 2046 tr.
928 1991 958 2047 1.
980 2007 1005 2047 0.
1020 1990 1049 2048 7.
1066 1992 1119 2047 cais.
1132 1992 1161 2049 a.

150 2071 261 2130 Diona
273 2090 307 2153 p.
326 2072 356 2131 5.
371 2078 408 2131 tr.
428 2074 458 2130 1.
477 2090 506 2131 r.
522 2073 553 2131 6.
570 2072 642 2131 Aut.
656 2069 690 2130 010
706 2089 783 2131 socr.
799 2089 863 2151 cap.
881 2073 909 2129 1.
922 2088 972 2149 qao.
986 2073 1016 2129 5.
1026 2081 1054 2130 01
1068 2070 1162 2141 Solos.

152 2153 274 2214 illido.
290 2156 339 2213 11.
356 2173 422 2214 oum
434 2156 524 2227 Solo,
542 2152 606 2216 Tol.
626 2154 668 2215 Sa
681 2198 689 2227 ‚
703 2152 835 2214 Hurtud.
850 2151 918 2212 Dic.
939 2155 1033 2212 Hear.
1049 2152 1118 2214 vat.
1136 2163 1166 2213 01

153 2238 294 2301 Grouad.
310 2240 415 2311 Ratio,
440 2241 510 2319 quia
525 2240 557 2298 in
576 2239 738 2317 composito
761 2238 885 2307 morali,
904 2238 990 2315 quale
1013 2241 1166 2297 011000ιο-

151 2333 311 2395 mentum,
326 2323 433 2383 sufficit
461 2324 580 2384 moralis
612 2324 755 2383 simultas.
770 2323 807 2382 Et
827 2321 863 2380 de
884 2320 940 2381 hoc
964 2321 1082 2381 videtur
1103 2340 1165 2383 nou

152 2426 244 2485 posse
259 2407 411 2468 dubitari:
428 2427 514 2479 nam,
534 2418 569 2467 ut
585 2427 653 2468 mox
675 2409 804 2466 diximus
817 2407 853 2477 de
866 2406 1029 2485 baptismo,
1049 2425 1166 2487 semper

152 2510 194 2550 ac
207 2491 318 2552 ablutio
332 2490 539 2562 nonlit‚d1im
554 2502 619 2552 actu
631 2494 780 2570 profertur
795 2492 917 2551 verbum
930 2490 1067 2573 baptizo,
1081 2490 1165 2554 ablu·

153 2576 202 2633 tio
225 2575 467 2635 non.verilicatur
482 2576 539 2635 nisi
561 2595 616 2656 por
633 2576 774 2635 unionem
791 2576 932 2635 moralem
952 2573 1038 2637 :haeo
1065 2587 1165 2639 autem

153 2658 230 2717 uuio
255 2667 315 2719 tam
334 2661 391 2719 erit
406 2660 548 2735 moralis,
569 2661 594 2721 si
612 2658 665 2718 fiat
681 2660 794 2720 ablutio
815 2657 983 2720 immediate
1006 2670 1165 2741 antequam

153 2741 252 2802 forma
270 2743 457 2815 absolvatur,
477 2742 566 2819 quam
589 2743 615 2803 si
634 2743 686 2803 fiat
706 2741 874 2803 inrmediaco
888 2743 963 2822 pdst.
979 2745 1046 2806 Haeo
1064 2757 1163 2809 tamon

154 2827 231 2885 unio
247 2826 362 2887 diuersa
386 2845 448 2887 esse
467 2826 556 2886 dehet
573 2845 627 2904 pro
648 2827 815 2888 diversitate
837 2839 1105 2900 sacramentorum,
1129 2839 1164 2888 ut

154 2911 237 2972 recle
259 2913 361 2974 dicunt
390 2916 478 2976 Suar.
512 2917 595 2974 cont.
620 2917 729 2975 Teura.
756 2916 914 2976 0110100.
941 2911 973 2975 11.
1005 2933 1045 2974 00.
1070 2914 1164 2991 Major

154 2998 238 3056 enim
250 2995 408 3065 001000οι1
421 2997 583 3075 requiritur
590 2994 625 3056 'in
638 2998 802 3076 baptismo,
818 2999 868 3057 ubi
879 3017 960 3057 mora
975 2998 1063 3056 unius
1073 2999 1165 3056 Pater·

155 3088 255 3139 noster
266 3082 440 3142 invalidarct
454 3090 691 3152 sacramentum,
706 3093 739 3141 ut
750 3079 825 3140 bend
843 3079 927 3154 ajunt
948 3083 1031 3139 Colat.
1051 3082 1161 3138 Touru.

155 3162 380 3225 1100101Βὶ00.
399 3163 452 3226 100.
474 3166 524 3224 cit.
539 3166 590 3242 qui
611 3167 788 3224 contrariam
809 3163 978 3239 opinionem
992 3160 1163 3220 Fornacadez

156 3246 266 3307 meritd
278 3246 374 3307 laxam
386 3255 480 3306 vocat.
489 3248 526 3305 Et
535 3249 613 3306 idem
627 3248 740 3323 praelati
756 3252 887 3302 auctores
895 3243 995 3302 dicunt
1005 3243 1042 3301 de
1054 3243 1163 3303 confir·

157 3330 306 3400 mationa,
322 3339 452 3391 extrema
468 3331 625 3399 unctione,
642 3340 672 3387 ot
688 3329 804 3388 ordine.
1087 3324 1090 3332 '

196 3414 233 3475 Iu
251 3415 423 3490 poenitentia
445 3422 544 3473 autem
565 3412 673 3472 sufficit
696 3411 746 3470 illa
765 3412 855 3485 unio,
870 3428 960 3489 quam
974 3410 1063 3489 exigit
1082 3417 1165 3471 aetus

153 3494 305 3575 judicialis
316 3496 403 3569 ,cum
415 3498 493 3558 inter
507 3496 737 3566 accusationem,
750 3496 964 3556 etsententiam
976 3495 1066 3554 soleat
1076 3494 1178 3555 intera

155 3579 264 3641 cedere
281 3580 381 3658 aliqua
394 3581 531 3642 distantia
542 3580 702 3657 temporis,
721 3581 854 3659 quamvis
868 3580 899 3639 in
908 3577 965 3640 hoc
980 3590 1162 3641 sacramento
