2620 4176
290 292 408 378 capii.
421 299 466 357 De
476 291 571 376 officio
582 288 781 355 secularium.
792 290 872 354 Dob.
884 291 988 353 Μή.
998 294 1030 355 8.
1098 294 1157 353 815

148 424 183 464 n.
199 404 248 464 84.
264 408 293 461 et
307 401 357 459 85.
380 400 427 457 An
446 405 545 456 autem
566 413 634 455 reos
655 413 691 454 ex
706 402 850 473 praecepto
861 392 970 470 judicis
988 391 1079 470 possit
1097 393 1159 470 ipso

147 507 182 546 se
197 484 352 551 occidere?
366 481 483 558 Duplex
501 487 545 557 est
557 478 718 559 probabilis
729 477 886 539 sententia.
906 474 978 539 Vide
990 473 1069 537 dicto
1081 475 1116 538 ale
1126 479 1155 538 5.

146 588 240 650 pree.
258 566 282 629 l.
295 569 325 626 4.
337 585 370 626 n.
384 567 455 626 569.
646 640 653 648 Ι

189 654 262 713 885.
272 686 312 711 .-
322 652 459 725 Quaeres,
475 667 514 711 an
527 666 580 710 reo
592 649 677 711 liceat
692 647 859 728 appellare?

196 759 211 790 u
231 738 320 813 Resp.
343 736 374 794 si
393 733 463 794 sciat
484 733 659 793 sententiam
679 749 740 793 esse
755 731 885 809 justam,
899 738 928 794 et
944 732 1024 811 justi
1043 749 1160 810 proros-

148 846 165 876 ιι
196 838 263 881 sum
276 837 357 889 esse,
370 836 430 878 non
449 818 518 878 lieet
530 817 610 895 (lieet
629 825 727 877 tamen
741 817 916 896 supplicare)
928 838 938 894 3
956 817 1025 894 quia
1043 816 1073 876 id
1085 822 1159 876 esset

149 931 166 960 s
189 904 283 984 judici
302 903 479 963 calumniam
498 903 661 980 imponere.
676 900 739 960 lmb
755 899 865 979 injusto
881 902 1030 980 appellans
1043 908 1160 960 tenetur

149 1016 167 1045 s
192 991 231 1050 do
253 989 372 1048 damno.
384 987 413 1046 Si
432 985 503 1048 verb
520 995 604 1064 putet
615 986 789 1046 sententiam
806 986 939 1063 iniquam
955 1004 1031 1060 esse,
1045 992 1097 1045 aut
1112 986 1159 1044 in·

149 1100 166 1129 s
190 1071 269 1151 justi
285 1089 452 1148 processum
467 1087 547 1140 esse,
562 1078 613 1130 aut
625 1071 650 1129 si
673 1069 796 1131 divorsae
808 1071 868 1134 siut
881 1070 1051 1150 opiniones,
1064 1075 1158 1148 potest

152 1184 168 1212 s
193 1156 350 1233 appellare.
370 1152 440 1213 Vide
457 1150 552 1214 Trull.
567 1150 625 1214 bc.
639 1172 673 1213 n.
687 1155 755 1213 l00.

193 1243 252 1301 Pro
268 1237 373 1314 majori
393 1237 591 1316 intelligentia
606 1236 731 1299 dicimus
750 1235 838 1298 lieiro
857 1236 977 1316 quidem
997 1254 1049 1299 reo
1062 1236 1097 1298 ad
1107 1235 1158 1315 ju·

150 1326 251 1386 dicem
270 1338 442 1403 supremum
457 1321 620 1399 appellare,
635 1339 695 1380 non
709 1320 806 1383 solirm
817 1326 840 1383 si
856 1324 998 1384 sententia
1012 1322 1158 1382 inferioris

149 1408 245 1470 fuerit
267 1404 397 1482 injusta,
416 1403 466 1464 sed
485 1407 574 1468 etiam
592 1405 616 1465 si
635 1404 797 1466 secundbm
814 1407 936 1483 allegata
951 1407 1041 1468 suerit
1057 1404 1155 1483 justo,

151 1502 186 1554 at
205 1508 272 1552 reus
289 1488 394 1548 babeat
412 1507 513 1565 prose
533 1506 623 1549 novas
643 1489 842 1567 probationes
865 1486 959 1553 Soim.
984 1488 1056 1552 ibid.
1076 1509 1108 1571 p.
1124 1490 1154 1549 5.

151 1596 187 1637 n.
211 1577 260 1635 58.
281 1591 348 1633 oum
371 1574 503 1637 It'ooorr.
525 1572 613 1634 Sociis
634 1581 754 1642 tamen,
778 1576 803 1634 si
823 1575 967 1637 sententia
987 1576 1045 1636 lata
1067 1575 1156 1635 luerit

152 1657 278 1722 omnini
283 1656 373 1734 justa,
385 1674 439 1717 nee
446 1657 612 1735 oppositum
624 1656 741 1734 probari
755 1659 855 1737 possit.
870 1656 962 1720 Soloi.
977 1657 1048 1721 ibid.
1058 1677 1091 1719 n.
1105 1661 1155 1719 48.

194 1742 290 1816 Quid,
309 1740 334 1799 si
351 1739 464 1816 justitia
485 1741 637 1800 sententiae
648 1740 713 1800 latae
724 1743 763 1802 sit
784 1742 896 1803 dubia?
911 1745 996 1822 Resp.
1021 1743 1052 1801 in
1074 1762 1156 1802 eausa

153 1826 300 1889 criminali
312 1867 321 1897 ‚
337 1824 493 1902 etoapitali
502 1834 598 1910 potest
609 1822 737 1902 proiecto
748 1843 816 1890 reus
827 1827 973 1905 appellare
985 1826 1020 1884 ad
1028 1825 1159 1902 judicem

150 1910 350 1989 superiorem,
365 1917 398 1967 ut
412 1905 513 1973 Salon.
533 1909 595 1971 δοῖ.
618 1910 721 1970 Bono.
741 1916 769 1968 et
783 1905 843 1988 ipsi
859 1908 952 1969 Satm.
965 1917 1001 1968 tr.
1019 1911 1067 1969 80.
1082 1926 1108 1968 c.
1125 1910 1156 1968 7.

150 2014 187 2076 p.
208 1996 237 2055 5.
256 2010 290 2052 n.
302 1994 353 2052 45.
366 1993 402 2051 Et
412 1987 485 2062 boo,
501 1991 615 2052 etiamsi
631 1991 679 2069 jus
692 1991 735 2051 rei
747 1992 785 2050 sit
797 1989 895 2050 minus
909 1991 1076 2069 probabile,
1090 1993 1158 2068 qnia

153 2079 257 2139 dieunt
270 2077 332 2134 uu.
345 2076 423 2134 citati
436 2093 503 2137 eum
517 2070 646 2152 (lorello,
655 2072 809 2150 Lumbier,
822 2071 970 2134 Torrocill.
982 2080 1010 2132 et
1020 2072 1158 2153 Filpnero

154 2156 350 2242 apoduein.
375 2156 448 2220 itio.
470 2177 502 2219 n.
524 2160 573 2219 48.
594 2158 693 2236 quod,
716 2156 859 2220 existente
878 2175 933 2235 pro
953 2175 1005 2218 reo
1020 2157 1159 2236 opinione

155 2244 320 2323 probabili,
335 2239 404 2302 licet
422 2241 521 2302 mimis
539 2243 705 2324 probabili,
722 2258 776 2320 pro
800 2241 864 2320 ipso
886 2249 930 2303 est
946 2238 1157 2317 judicandum,

154 2347 190 2388 ox
203 2327 303 2405 regula
322 2324 398 2402 juris
417 2328 466 2385 tl.
481 2326 512 2385 in
535 2328 564 2384 6.
582 2325 656 2386 Cim
677 2332 747 2385 sunt
766 2325 900 2405 portium
919 2323 996 2403 juro
1020 2321 1158 2397 obscuro,

151 2410 252 2491 potitis
264 2427 328 2487 reo,
343 2410 433 2490 quina
451 2405 546 2470 actori
556 2417 599 2471 est
617 2407 789 2489 fouendum.
807 2406 879 2469 Vide
890 2406 969 2469 dioto
984 2427 1016 2468 n.
1032 2409 1101 2470 840.
1133 2414 1135 2427 “

190 2491 279 2555 Seuius
297 2503 395 2556 autom
415 2492 574 2552 dicendum
594 2494 625 2552 in
646 2510 731 2552 nausa
754 2492 852 2569 civili,
869 2492 987 2570 quando
1010 2491 1089 2554 certe
1109 2491 1160 2571 jus

146 2587 258 2639 eontra
278 2594 365 2638 reum
394 2574 494 2636 minuis
518 2576 670 2654 probabile
689 2585 755 2654 est3
775 2577 843 2652 quia
866 2583 937 2637 tunc
962 2578 1111 2656 superior,
1133 2571 1158 2638 si

150 2661 236 2738 juxta
255 2661 426 2740 opinionem
446 2658 546 2720 mimis
571 2660 753 2740 probabilem
775 2678 830 2738 pro
851 2678 902 2724 reo
911 2659 1159 2739 judicabimini&

153 2744 257 2824 iniqui
266 2753 350 2822 aget,
366 2759 403 2804 ex
414 2761 501 2821 prop.
516 2744 546 2803 8.
558 2743 693 2804 danrnata
705 2745 741 2805 ab
753 2745 856 2805 Inooo.
869 2746 931 2807 XI.
943 2742 1158 2809 utSolm.ibi‹l.

152 2847 186 2888 n.
209 2831 260 2889 46.
283 2827 458 2911 ὃοᾱῆᾳυίἀ,
480 2828 505 2886 si
534 2827 660 2887 dubium
679 2829 735 2906 sit,
756 2847 793 2888 on
810 2825 903 2906 judex
923 2831 1058 2909 superior
1080 2827 1160 2906 juste

151 2913 267 2972 laturus
283 2912 323 2972 sit
336 2910 512 2972 sententiam
524 2929 579 2988 pro
594 2915 668 2972 reo?
680 2913 714 2972 lo
726 2912 776 2972 tali
789 2931 854 2972 casu
867 2913 1059 2989 probabiliter
1065 2906 1158 2972 Soloi.

151 2992 225 3057 itio.
242 3007 277 3055 n.
289 2996 339 3055 48.
353 3012 419 3056 eum
431 2996 507 3054 Boo.
521 2993 623 3055 dieunt
640 3012 723 3072 posse
744 3014 829 3056 reum
846 2998 1009 3074 appellare,
1024 2994 1112 3053 etiam
1127 2995 1158 3053 in

151 3096 237 3140 eausa
260 3078 364 3156 civili3
386 3079 477 3156 quia,
504 3075 572 3137 erim
601 3087 715 3138 mentes
743 3077 900 3139 bominum
925 3079 985 3138 sint
1014 3076 1156 3146 diversae,

151 3160 229 3223 lortb
246 3161 373 3242 opinio,
395 3179 485 3241 quam
504 3160 597 3238 judex
615 3162 739 3224 inferior
765 3160 863 3221 minua
884 3155 1067 3237 probabilem
1089 3175 1159 3217 een·

150 3245 263 3320 suerit,
278 3247 424 3325 superiori
437 3245 617 3326 probabilior
635 3244 808 3323 apparebit,
830 3252 860 3303 et
881 3241 937 3302 boe
954 3240 1079 3320 experiri
1097 3260 1157 3302 non

151 3330 216 3390 sine
231 3328 311 3408 justa
332 3349 416 3391 eausa
440 3329 518 3392 licut
541 3335 743 3408 poterimus,
769 3326 835 3385 ciam
856 3324 906 3401 jus
928 3325 1078 3402 probabile
1094 3324 1156 3401 jam

151 3430 208 3490 pro
232 3432 265 3475 se
285 3411 412 3493 babeat3
435 3416 528 3477 etita
553 3429 614 3473 esse
636 3410 735 3493 praxis
757 3408 1032 3471 rideturomnium
1058 3411 1158 3491 appel·

152 3498 291 3560 lautium.
1087 3504 1093 3517 ‘
