2576 4168
243 214 357 293 eope.
375 206 700 272 Dcatotnrlericornm.
716 210 796 274 Dnb.
810 215 920 275 llere.
934 217 963 276 5.
1069 220 1102 279 21

109 313 190 395 piene
201 312 311 374 ceteris
322 311 416 393 magis
429 309 567 371 idoneum
575 309 767 390 judicaverit.
784 313 860 390 Ergb
871 359 879 384 ‚
891 323 926 375 ut
936 314 1039 378 dicunt
1052 361 1059 387 ‚
1071 335 1107 378 ex

107 397 200 458 verbis
215 394 328 455 ennodii
349 394 517 471 colligitur,
534 393 613 472 qubd
630 393 725 454 soltim
739 395 776 453 ad
790 397 1002 458 examinatores
1014 400 1105 477 perti-

107 491 154 542 net
166 479 337 541 denuntiare
349 478 469 538 idoncos
477 522 484 549 ‚
493 479 535 536 lta
544 486 578 537 ut
586 479 745 556 Episcopus
755 478 884 539 invalide
897 480 1015 558 eligeret
1025 502 1105 554 eum,

107 582 190 643 (prem
205 563 260 641 ipsi
277 560 489 639 reprobarent;
503 560 553 620 sed
567 559 666 620 contrb
687 562 723 619 ad
739 563 917 641 Episcopum
935 564 1020 625 unice
1039 585 1106 644 per·

99 646 176 708 'tln'et
185 646 336 724 judicore3
350 645 415 722 quis
425 648 529 703 eorum
543 644 581 703 sit
597 644 724 722 dignior.
738 646 799 708 iloc
815 647 973 707 confirmat
983 650 1063 730 Eupo
1072 668 1108 710 ex

105 731 294 790 declaratione
314 728 392 788 so.
405 726 539 797 concilii,
552 729 756 804 quomrelert,
775 730 825 789 ubi
841 730 969 791 dicitur:
986 732 1019 792 S.
1034 736 1108 793 Con-

103 815 226 899 prcgctio
237 810 400 887 declaravit
415 828 477 870 non
492 809 639 891 pertinere
654 810 694 871 od
705 811 940 883 examinatores,
953 812 1004 876 sed
1014 813 1108 876 colbm

106 896 146 957 od
157 899 335 978 Episcopum
344 892 499 975 judicare,
511 894 577 974 qnia
596 910 631 952 cc
645 895 881 958 concurrentibus
900 896 940 958 ad
953 897 1109 959 Parocbin

93 974 157 1038 -lern
174 988 328 1040 necantem
344 980 385 1038 sit
397 977 494 1056 magia
515 975 647 1037 idonens.
669 980 704 1036 Et
723 979 755 1038 in
781 981 867 1040 conc.
888 980 970 1042 Trid.
984 977 1037 1042 loc.
1056 981 1105 1041 cit.

93 1060 213 1123 -terltbm
230 1062 376 1132 babetur,
391 1070 425 1119 ut
437 1061 649 1121 examinatores
663 1071 779 1138 peraeto
791 1064 925 1123 examine
936 1065 1107 1125 renuntient

93 1146 236 1226 Episcopo
252 1152 454 1224 quotcumque
467 1144 504 1202 ab
523 1142 570 1203 his
585 1144 683 1208 idonei
690 1144 814 1219 judicati
826 1146 949 1216 luerint.
968 1150 1035 1208 llaec
1045 1166 1106 1209 seu·

104 1229 187 1288 tentia
199 1241 240 1290 est
253 1231 376 1308 quidem
389 1228 549 1305 probabilis
559 1227 627 1298 ‚sed
645 1228 828 1304 probabilior
841 1228 915 1289 mihi
927 1240 969 1291 en

114 1323 119 1335 ‘
137 1313 265 1374 Secundo
281 1311 427 1373 sententio
442 1312 590 1389 opposita,
605 1328 693 1387 quam
709 1319 814 1372 tenent
831 1312 1105 1375 eommunibano.

104 1395 151 1459 tib
165 1401 194 1459 Ε).
204 1397 238 1459 dc
252 1406 324 1459 real.
337 1418 361 1457 c.
376 1400 405 1458 2.
419 1414 503 1457 num.
524 1397 593 1456 487.
606 1399 696 1461 nona.
709 1412 733 1457 c.
751 1399 780 1456 b.
797 1415 828 1475 q.
849 1400 878 1456 9.
892 1418 918 1457 r.
932 1399 960 1457 l.
972 1407 1001 1457 ct
1012 1396 1104 1459 Solon.

102 1480 146 1541 cit.
162 1482 277 1543 cunio.
292 1486 377 1541 num.
391 1482 460 1540 559.
472 1498 539 1541 onan
555 1480 643 1550 deor,
658 1478 906 1551 connectite.
920 1484 994 1562 Lop.
1011 1482 1104 1543 Dion

93 1567 174 1645 Tap.
190 1574 241 1627 eto.
256 1567 361 1638 Ratio,
375 1566 442 1642 quia
458 1562 524 1624 ideb
537 1608 545 1634 ,
556 1571 584 1623 et
595 1563 742 1643 praecipue
755 1565 914 1624 concilium
929 1567 1105 1645 proscripsit

101 1666 269 1710 concursum
279 1693 288 1720 ,
300 1658 330 1710 ct
342 1650 554 1709 examinatores
568 1692 576 1720 ‚
589 1658 622 1707 ut
641 1649 799 1726 Episcopus
821 1649 933 1710 facilius
946 1693 955 1719 ‚
972 1661 1003 1710 ct
1015 1649 1104 1711 tutibs

100 1731 258 1808 digniorem
272 1740 429 1811 agnoscere
442 1733 594 1812 necligere
607 1732 735 1805 valeret3
749 1731 829 1792 unde
843 1735 980 1810 quamvis
996 1752 1032 1793 cx
1046 1751 1106 1792 vert

100 1814 141 1874 llis
162 1816 279 1877 concilii
298 1828 358 1876 non
384 1816 530 1876 inseratur
553 1815 692 1893 obligatio
723 1816 958 1875 examinatorum
990 1817 1106 1876 denun-

100 1899 187 1957 tiandi
206 1901 395 1979 digniorem,
410 1900 652 1962 infertur‘lamen
669 1917 706 1958 ex
719 1908 818 1965 mente
832 1900 958 1958 concilii.
973 1901 1033 1959 Nee
1053 1901 1105 1959 ob·

98 1987 154 2042 stat
170 1982 328 2043 declliratio
346 1984 432 2043 allata
444 1984 476 2041 8.
497 1983 531 2042 C.
544 1991 579 2042 ut
591 1981 679 2061 suprb
692 2026 700 2053 ‚
715 1984 784 2064 quia
797 1981 839 2046 ibi
856 1983 900 2042 nil
919 1981 999 2042 aliud
1012 1983 1106 2043 decer-

97 2066 199 2135 nitur,
214 2066 272 2126 nisi
292 2067 371 2145 qubd
389 2066 427 2125 ad
445 2066 621 2146 Episcopum
633 2066 770 2143 'pertinet
793 2064 926 2141 judicare
948 2067 985 2124 de
1000 2065 1102 2142 majori

97 2147 237 2226 dignitate
259 2152 482 2227 oppositorum,
500 2158 529 2208 et
553 2148 609 2208 hoe
625 2157 670 2209 est
689 2156 828 2219 certum3
848 2149 899 2206 sed
915 2148 955 2206 ibi
971 2165 1032 2206 non
1056 2162 1105 2207 ox-

97 2231 254 2293 rluduntur
279 2234 501 2293 examinatores
515 2234 610 2292 teneri
640 2233 676 2291 ad
703 2230 911 2309 exponendum
939 2230 1104 2306 Episcopo,

96 2332 180 2391 quem
197 2318 253 2396 ipsi
267 2324 415 2376 censeant·
426 2316 518 2393 magis
538 2315 697 2396 idoneum,
712 2323 747 2373 ut
769 2330 854 2372 mens
876 2311 991 2372 concilii
1008 2331 1105 2374 serro-

88 2405 152 2457 tur.
167 2399 301 2461 Domum
314 2399 363 2460 hic
382 2401 566 2468 notandum,
584 2398 664 2475 qubd
678 2398 891 2457 examinatores
905 2395 1013 2455 debent
1032 2416 1105 2476 proc-

95 2487 168 2541 stare
183 2483 392 2559 juramentum
405 2483 605 2543 dc'lidelit'ate
625 2483 656 2540 in
673 2498 777 2548 corum
793 2477 887 2538 ollieio
900 2523 909 2549 ‚
921 2488 954 2539 ut
972 2482 1105 2561 praceipi-

90 2565 341 2645 -tur-in'iridcnt.
358 2584 426 2627 scas.
440 2568 490 2628 El.
508 2585 533 2625 c.
550 2566 593 2625 l8.
614 2562 648 2625 de
660 2562 727 2643 Res.
741 2565 872 2640 alioquin
887 2582 1043 2624 concursus
1062 2576 1105 2627 est

96 2647 205 2722 nullus,
219 2659 255 2711 ut
268 2650 427 2711 declaravit
440 2652 520 2712 Sacr.
533 2650 641 2728 congr.
657 2667 739 2711 cono.
752 2647 1007 2719 diclliccembris
1017 2650 1103 2711 tore.

386 2900 389 2909 .
463 2827 747 2921 v,anniculus‘un

88 3020 179 3114 Qua
196 3025 355 3100 intenlio
370 3083 380 3118 ‚
398 3035 433 3101 cl
457 3026 648 3127 qualilates
664 3027 899 3127 requirentur
925 3025 969 3097 od
987 3025 1102 3096 :beno-

278 3238 284 3245 .
375 3129 833 3247 ficiumecolpiendunri
906 3159 937 3169 ·⁷
978 3164 983 3170 ·
1033 3165 1036 3172 ·

89 3331 135 3382 ue
152 3335 291 3397 menam
303 3333 427 3400 qualitas
439 3336 604 3402 requiretur
615 3334 646 3384 in
656 3346 686 3384 eo
696 3369 704 3390 ,
715 3332 760 3384 cni
772 3329 929 3395 berrrficinrn
941 3327 1104 3393 antefertur?

86 3411 133 3462 lle
146 3415 190 3464 An
207 3412 378 3478 requiratur
397 3413 428 3464 in
448 3428 479 3465 co
502 3412 634 3466 voluntas
652 3406 826 3462 clericandl?
845 3408 986 3472 erornodo
1014 3414 1104 3476 peccet

133 3498 160 3511 ·’
185 3491 325 3558 rrnn'pc'cnr¹
344 3491 501 3561 beneficium
523 3490 649 3559 simplex·
672 3502 733 3541 cun
756 3488 850 3541 anieno
868 3487 985 3543 ducendi
1006 3496 1103 3557 posteo

185 3572 334 3624 necron?
531 3586 533 3591 ¹
1097 3568 1117 3581 ’“
