2610 4186
192 225 250 284 500
364 220 464 285 libo.
480 224 576 284 Troei.
589 225 617 283 l.
633 225 677 283 De
685 227 875 285 sacramente
883 225 919 285 in'
926 242 1037 306 penore.

199 323 274 385 Vioa
289 340 319 403 q.
331 323 360 383 1.
376 331 434 381 ort.
449 326 476 383 b.
488 342 520 382 ιι.
532 326 561 382 b.
573 342 640 382 rona
656 321 940 403 Lapm.Fili.Seei1s
960 336 1080 398 autem,
1095 326 1119 386 si
1139 325 1182 386 ab·

76 416 86 437 ⁰
193 405 368 467 solutionem
382 408 617 469 sacramentalem
638 408 688 467 ille
708 408 851 485 receperit
864 429 873 483 3
885 406 951 468 eide
962 407 1046 487 infre
1057 427 1089 469 ιι.
1107 411 1167 471 286.

574 505 655 567 Unde
673 503 815 567 resolves:

230 599 281 660 et.
296 633 335 645 -
349 623 362 653 ι
376 601 406 660 1.
423 599 483 658 Etsi
498 599 649 676 aequaliter
663 598 796 676 dispositi
812 599 971 676 aequalem,
986 602 1079 679 magis
1096 613 1183 666 tamea
1279 668 1280 671 ,

193 710 207 739 ι
231 683 362 763 dispositi
377 683 518 760 majorem
537 683 709 742 sacramenti
728 682 857 743 fructum
875 693 981 761 parectcr
996 684 1183 751 characterem

192 774 206 823 ιι
230 778 469 847 consequuntur,
487 777 550 827 turn
565 769 632 844 quia
652 785 815 844 congruum
832 777 876 827 est
892 781 1071 830 sacramenta
1090 775 1129 834 ita
1143 777 1185 836 in·
1200 819 1203 825 -

192 877 207 907 ιι
230 854 332 913 stituta
348 871 425 922 esse,
446 862 480 912 ut
490 852 610 925 uberior
622 853 714 927 gratia
728 850 814 910 detur
827 870 883 930 pro
896 852 1085 930 dispositione
1097 860 1186 936 subje-

192 960 207 990 a
230 937 289 1010 cti,
306 946 370 996 tum
382 937 450 1013 quia
464 955 523 995 non
534 936 651 994 videtur
661 935 703 1006 is,
724 936 775 1012 qui
789 933 992 997 vehementem
1012 941 1185 1004 attritionem

192 1044 205 1074 ι
230 1020 267 1080 ad
279 1021 456 1098 baptismum
472 1020 520 1078 vel
539 1019 742 1098 poenitentiam
756 1017 841 1078 affert
859 1020 941 1087 omni
957 1021 1054 1081 fractu
1081 1028 1183 1087 carere.

229 1130 243 1158 ι
266 1106 297 1165 2.
314 1105 370 1178 Qui
391 1104 481 1163 sumit
497 1101 643 1173 hostiam,
670 1121 759 1180 quam
781 1104 873 1162 nescit
891 1122 952 1162 esse
976 1118 1184 1183 consecratam,

192 1213 206 1242 ιι
228 1187 297 1249 edm
317 1190 407 1248 instar
425 1188 544 1246 alterius
559 1187 711 1258 animalis,
729 1186 792 1245 sine
813 1188 976 1247 intentione
995 1193 1130 1255 sumendi
1146 1213 1187 1254 sa-

93 1286 95 1291 ’
191 1297 205 1326 ι
229 1282 434 1341 crumentum,
464 1277 577 1341 stimat,
608 1270 712 1347 accipit
741 1269 861 1346 quidem
891 1272 1081 1334 materialiter
1105 1295 1185 1350 rem,

190 1382 204 1410 ιι
228 1375 294 1434 quoe
314 1364 599 1424 estsacramcntum,
618 1372 677 1412 naa
698 1361 796 1412 tamen
808 1357 1066 1428 sacramentaliter,
1081 1368 1110 1419 et
1125 1379 1186 1421 euru

191 1465 204 1492 ιι
227 1441 335 1499 sructu.
354 1465 367 1492 ι
386 1439 447 1518 (lto
460 1441 491 1497 S.
508 1436 562 1497 Τιι.
585 1456 617 1517 p.
637 1439 666 1496 5.
680 1456 710 1516 q.
722 1438 771 1496 80.
787 1444 845 1496 ort.
861 1440 890 1508 5.
905 1437 945 1499 od
965 1441 993 1498 5.
1009 1459 1077 1500 cem
1094 1444 1185 1523 Lapa,

188 1525 277 1585 Scor.
293 1524 382 1584 Greia
395 1522 415 1582 i.
431 1527 460 1583 b.
474 1541 506 1602 p.
521 1525 549 1581 1.
559 1542 588 1582 ιι.
605 1524 672 1580 178.
689 1521 918 1602 coatrodrriop.
937 1531 964 1582 et
987 1524 1054 1584 Dic.
1065 1542 1187 1604 quorum
1279 1540 1280 1543 ’

186 1607 360 1667 sententiam
383 1604 528 1666 immerite
542 1601 723 1685 probabilem
740 1611 823 1664 boeot
852 1605 963 1682 Graiae).
978 1633 991 1660 ι
1005 1607 1086 1667 idem
1103 1611 1188 1672 docet

189 1715 202 1744 ιι
228 1690 362 1750 Recede
385 1708 444 1755 eo,
465 1689 515 1765 qui
534 1689 848 1770 sumitsacrameatum
860 1708 896 1749 ex
908 1709 991 1750 causa
1008 1691 1187 1770 samis,qued
1269 1732 1280 1738 ι

83 1774 92 1783 ‘
189 1801 203 1829 ιι
226 1776 344 1835 videtur
362 1771 606 1852 intelligendum,
627 1774 651 1832 si
668 1791 703 1832 ex
715 1791 748 1833 ea
771 1774 831 1833 sola
848 1795 856 1831 ι
875 1779 1058 1853 nequeenim
1075 1777 1187 1838 videtur

188 1885 202 1914 ιι
224 1858 462 1919 sacerdesfruetu
472 1857 642 1915 sacramenti
657 1857 790 1935 privari,
806 1858 860 1916 etsi
875 1868 1045 1935 sumpturus
1059 1862 1185 1933 calicem,

188 1968 201 1997 ιι
224 1943 313 2003 simul
329 1944 418 2002 etiam
436 1943 532 2001 levare
552 1941 630 1999 sitim
653 1941 828 2001 intenderet.
849 1940 919 2002 Vide
935 1943 1013 2001 Bon.
1031 1939 1054 2001 ι.
1069 1962 1095 2004 c.
1111 1965 1141 2004 a.
1158 1948 1184 2004 5.

225 2029 274 2093 86.
286 2024 502 2087 —Notandum
517 2026 540 2082 Ι.
555 2025 598 2083 Ad
614 2025 792 2102 baptismum
818 2025 981 2102 requiritur
1003 2035 1083 2085 aetus
1101 2029 1185 2098 fidei,
1205 2008 1211 2029 ⁸
1279 2082 1280 2087 ,

186 2119 217 2174 et
232 2112 293 2190 spei
306 2156 314 2183 ,
327 2111 429 2171 saltem
443 2109 576 2168 virtualis
589 2153 597 2179 ,
608 2117 641 2167 ut
651 2109 868 2168 omnesdocent
880 2126 948 2167 eum
960 2110 1049 2169 Sator.
1061 2118 1091 2168 et
1100 2112 1187 2173 droia

186 2194 206 2261 ι.
222 2199 251 2257 6.
267 2215 300 2277 p.
312 2197 341 2255 1.
357 2214 390 2253 ιι.
406 2194 473 2253 187.
488 2194 577 2252 etiam
596 2202 675 2251 aetus
698 2193 899 2262 contritionis,
919 2192 981 2251 sire
1007 2195 1187 2268 attritionis,

185 2290 220 2340 ut
236 2274 437 2340 tenentSolm.
449 2295 515 2336 ιιιιιι
526 2279 566 2335 D.
581 2274 635 2336 Τιι.
650 2272 818 2354 (vidciosrd
836 2293 869 2333 ιι.
890 2274 971 2351 tte.)
993 2277 1017 2335 si
1040 2275 1191 2354 baptizan-

185 2363 239 2422 dus
255 2363 455 2439 lrabeatgrave
474 2369 644 2437 peccatum,
665 2368 699 2418 ut
717 2368 796 2437 patet
811 2376 847 2418 ex
859 2358 941 2418 Trici.
958 2375 1028 2419 occa.
1049 2363 1096 2420 lb.
1121 2380 1147 2421 e.
1163 2365 1188 2422 1.

184 2445 328 2525 deponit.
340 2445 384 2504 Ad
401 2442 610 2503 Eucharistiam
625 2452 723 2501 autem
744 2442 884 2519 praemitti
900 2441 989 2502 dehet
1014 2460 1051 2502 cx
1071 2445 1190 2520 speciali

183 2538 328 2607 precepto
358 2528 513 2593 consessio,
542 2536 572 2586 et
591 2526 735 2585 absolutio
760 2525 797 2586 ab
821 2527 902 2585 orani
927 2527 1055 2586 mortali.
1082 2526 1192 2589 lltrbru

183 2620 282 2670 autem
310 2629 365 2687 pro
394 2610 458 2667 aliis
486 2610 673 2667 sacramentis
695 2609 831 2668 vivorum
861 2609 985 2668 sufficiat
1008 2611 1191 2687 praemittere

183 2692 298 2754 tantiam
314 2694 545 2752 contritionem?
558 2693 727 2751 affirmatur
740 2690 1054 2752 communissimdeum
1062 2695 1148 2772 Lupo
1157 2694 1189 2754 ιι.

182 2779 211 2838 8.
222 2784 293 2836 seetc
303 2778 333 2835 9.
347 2777 452 2853 Lapsa.
472 2777 560 2853 Vocq.
578 2774 666 2832 Greia
675 2777 786 2835 ιι.190.
803 2781 831 2834 ct
841 2772 934 2851 aliia,
955 2773 1190 2837 eontroMarail.

182 2869 212 2924 et
225 2858 351 2921 Adrion.
371 2857 442 2918 Vide
455 2857 533 2917 dieto
543 2876 574 2918 ιι.
589 2860 638 2916 ab.
900 2924 906 2933 1

220 2948 290 3007 Νοι.
305 2945 344 3004 ll.
355 2945 404 3004 list
417 2940 495 3002 eectd
514 2952 664 3020 peecatum
685 2960 796 3020 grave,
815 2953 1029 3004 sacramentum
1040 2948 1193 3022 suscipere

182 3049 249 3093 cum
264 3028 397 3104 mortali;
417 3034 447 3086 ct
461 3036 505 3085 est
528 3027 664 3103 grauius,
679 3026 767 3103 quiam
789 3028 862 3085 illud
874 3026 993 3102 indigne
1005 3029 1190 3101 ministrare,

181 3122 232 3174 aut
245 3112 386 3182 eotrfiecre
400 3156 409 3183 ,
422 3121 455 3170 ut.
469 3113 558 3171 Graiae
571 3128 603 3168 ιι.
614 3112 682 3169 tub.
698 3127 765 3168 cum
777 3108 845 3170 Die.
859 3118 887 3169 ct
910 3106 990 3170 eliis.
1007 3110 1116 3177 Utriam
1135 3130 1194 3171 au-

180 3207 241 3257 tem
254 3197 286 3256 in
307 3196 480 3273 eliquemsu
493 3195 577 3252 liceat
590 3195 738 3269 suscipere
750 3202 965 3252 sacramentam
992 3196 1025 3252 in
1042 3195 1192 3255 mortali?

178 3279 306 3338 Videtur
331 3297 438 3358 negare
453 3281 542 3338 Scor.
565 3274 599 3336 de
609 3276 693 3336 Ειιιιι
712 3275 743 3335 d.
757 3279 806 3336 bb.
820 3285 887 3337 sect.
902 3280 931 3336 1.
947 3278 1071 3354 loquens
1086 3277 1126 3336 de
1138 3296 1195 3338 su·
1279 3260 1280 3343 ι

180 3362 501 3435 mendacommunione
513 3382 521 3436 3
533 3360 583 3420 sed
594 3359 780 3420 communitis
788 3359 1193 3438 affirmaatHenr·iq.Aeerau,

180 3450 209 3499 et
221 3446 312 3503 Beato
326 3464 375 3524 ep.
393 3447 480 3506 Graiae
490 3442 511 3503 ι.
526 3447 556 3504 6.
572 3462 604 3524 p.
617 3447 646 3503 l.
657 3462 689 3503 ιι.
703 3445 770 3503 litt.
787 3445 880 3521 ldque
892 3463 946 3522 pro
956 3463 1023 3504 casu
1035 3444 1195 3503 rarissimo

181 3539 242 3579 non
254 3526 371 3586 ridetur
384 3529 588 3605 improbabile,
600 3526 670 3607 putb
683 3530 706 3587 si
724 3528 818 3588 hostia
831 3539 996 3588 consecrata
1008 3531 1198 3607 essetproiia·

180 3603 274 3661 nanda
304 3607 342 3666 ab
364 3610 526 3684 haereticis,
550 3622 579 3671 ct
599 3613 636 3677 ab
660 3614 725 3672 aliis
744 3630 799 3692 pro
826 3614 877 3675 illa
895 3613 991 3674 subita
1016 3614 1197 3692 inruptione
