2620 4176
303 212 379 294 Cap.
392 215 421 273 5.
432 214 476 272 Dc
485 207 577 293 officio
589 207 784 295 secularium.
795 211 875 273 Dub.
886 213 915 272 7.
929 211 993 273 Art.
1006 216 1035 273 l.
1114 215 1171 275 209

204 312 316 376 Siverb
329 332 429 373 carcer
443 314 481 373 sit
491 312 554 390 jam
566 331 619 390 per
631 313 807 374 sententiam
818 314 978 392 assignatus
993 313 1030 373 ad
1043 332 1170 392 pecuum,

163 399 254 459 otiam
267 396 430 476 perpetuo,
447 407 516 457 tunc
535 397 702 475 negandum
715 414 767 457 ren
787 396 904 457 liobree
923 416 1036 458 carcere
1053 399 1170 477 lugere,

163 484 235 561 quia
253 483 291 542 in
307 481 479 541 executione
494 482 646 541 sententiae
660 480 749 558 justae
763 489 880 541 tenetur
898 482 1001 558 utiquc
1018 498 1085 542 reus
1104 480 1173 540 obc-

165 567 244 626 dire.
259 568 303 626 lta
317 566 435 624 Novar.
449 563 529 646 Spin.
546 559 611 645 cuj.
625 572 677 625 etc.
692 584 758 625 cum
768 562 860 625 δαίῃα.
884 573 924 625 tr.
937 567 987 625 to.
1002 583 1027 625 c.
1043 566 1071 624 7.
1088 582 1121 644 p.
1141 566 1170 624 1.

163 670 198 711 ῃ.
211 652 260 712 bb.
276 657 303 708 et
315 652 406 710 lione.
422 646 443 708 ί.
459 669 483 709 α.
496 667 563 709 cum
582 667 684 709 comm.
697 658 800 709 contro
815 653 890 711 Bos.
904 649 1061 728 Excipiunt
1074 658 1172 709 tamon

164 734 276 813 aliqui,
290 734 315 792 si
332 735 363 793 in
383 752 497 794 carcere
515 751 575 793 non
588 733 697 793 dentur
711 735 738 794 ei
758 735 916 797 necessaria
931 734 968 793 ad
987 732 1172 793 sustentatio·

163 837 254 891 nem,
271 826 306 877 ut
321 813 415 877 Sclm.
433 816 506 879 ibid.
520 836 554 876 ῃ.
577 819 626 878 66.
641 818 688 889 vel
708 819 732 878 si
751 836 849 882 carcer
863 827 938 877 essct
951 817 1041 876 nimis
1058 816 1171 887 tristis,

164 904 235 979 quia
246 901 365 962 videtur
381 919 468 978 supra
485 901 562 961 vires
575 898 717 961 humanas
735 902 863 982 aliquem
884 902 1006 980 obligari
1019 900 1098 960 adse
1112 917 1172 960 non

163 984 373 1057 liberandum,
389 984 457 1045 cum
476 986 586 1064 possit,
601 987 665 1045 sine
677 986 707 1045 vi
724 994 753 1045 et
767 988 947 1057 resistentia,
960 984 976 1044 ia
990 1003 1074 1063 poeno
1090 982 1172 1042 valde

163 1071 251 1131 dura.
261 1071 305 1130 lta
319 1071 397 1129 Boo.
411 1087 477 1130 euno
485 1066 555 1128 Ραί.
567 1069 728 1129 Confirmat
739 1067 795 1130 hoo
804 1070 893 1141 illud,
906 1069 984 1147 quod
994 1069 1101 1129 dicitS.
1116 1066 1170 1127 Tic.

164 1156 196 1214 2.
210 1155 240 1214 2.
252 1171 282 1234 q.
296 1153 346 1213 69.
357 1160 416 1212 nrt.
427 1155 457 1212 l.
469 1151 509 1213 cd
517 1155 546 1213 2.
558 1151 637 1230 qubd
649 1152 803 1213 damnatus
813 1198 821 1225 ,
832 1162 866 1212 ut
876 1154 952 1213 lame
965 1160 1065 1232 pereat
1075 1196 1083 1224 ,
1092 1148 1172 1211 licite

146 1239 265 1299 0cibum
283 1237 385 1296 sumit.
405 1237 512 1297 Eadem
530 1237 643 1296 ratione
658 1236 878 1314 probabiliterb
900 1243 999 1319 Lupo,
1013 1231 1120 1296 Scucb.
1144 1240 1172 1294 et

164 1325 247 1385 Neo.
259 1342 326 1384 cum
338 1319 432 1383 δαίαῃ.
443 1320 514 1384 ibid.
528 1341 561 1382 ῃ.
575 1324 624 1383 66.
640 1320 674 1382 io
689 1320 746 1400 fio.
759 1322 871 1400 (contra
882 1322 983 1404 Scpr.)
996 1328 1171 1381 excusantur

165 1408 298 1468 damnati
316 1407 353 1466 ad
367 1409 522 1477 triremes,
536 1409 560 1467 si
582 1405 696 1484 fugiant
715 1406 878 1467 boarcere:
893 1416 923 1466 et
939 1407 1026 1467 etiam
1043 1405 1080 1464 ab
1102 1402 1171 1481 ipsis

166 1492 355 1565 triremibus,
373 1501 407 1552 ut
425 1502 565 1570 tanquam
587 1490 769 1571 probabilius
778 1500 879 1554 tenent
892 1489 1019 1553 δαῃαίῃῃ
1029 1491 1099 1549 Dec.
1111 1485 1170 1547 ί.6.

163 1596 192 1637 e.
206 1579 237 1638 8.
251 1594 283 1636 ῃ.
296 1578 345 1636 16.
363 1582 391 1635 ot
408 1579 506 1655 Lupo,
519 1578 598 1637 Less.
611 1579 713 1636 Βαῃῃ.
726 1576 796 1637 Led.
810 1575 898 1641 ίίαῃί.
913 1578 992 1637 Ναυ.
1002 1594 1068 1635 eum
1075 1570 1169 1635 Satn.

165 1664 294 1723 etllooc.
310 1657 332 1720 ί.
346 1680 371 1720 α.
383 1661 495 1738 (αοῃιῃα
515 1664 604 1740 Vosp.
618 1668 646 1720 et
658 1657 754 1741 aiios).
776 1665 849 1722 ltem
869 1660 1061 1739 probabiliter
1074 1654 1168 1721 δαίῃα.
1200 1656 1205 1663 ’

165 1753 196 1805 et
210 1749 301 1806 Rooc.
313 1744 386 1806 ibid.
407 1763 440 1804 ῃ.
463 1747 510 1806 tu.
522 1765 589 1806 cunc
606 1745 724 1809 Noc-cr.
738 1744 849 1817 δαίαῃ,
864 1749 935 1826 Lop.
955 1753 1008 1806 cte.
1033 1748 1171 1804 excusant

164 1829 331 1891 debitorem
348 1830 521 1893 damnatum
541 1830 578 1890 ad
594 1847 741 1891 carcerem
759 1831 852 1891 donec
873 1832 985 1902 solvat,
1010 1830 1035 1888 si
1053 1828 1169 1906 fugiat,

163 1932 284 1993 sperans
300 1915 447 1979 iacturum
465 1915 663 1987 solutionem,
684 1933 774 1992 quam
796 1915 829 1980 ia
849 1929 965 1975 carcerc
985 1913 1089 1990 exequi
1109 1926 1170 1970 non

186 2007 271 2059 osset.

164 2017 185 2078 p
202 2084 272 2142 281.
283 2081 430 2154 -Quaen
445 2079 493 2142 bic
505 2082 544 2142 11.
559 2083 606 2142 An
622 2099 690 2141 rcus
709 2078 788 2158 juste
806 2079 964 2141 damnatus
984 2078 1021 2140 ad
1043 2085 1170 2141 mortem

164 2175 299 2229 teneatur
316 2165 417 2243 lugere
437 2164 600 2243 dearctare,
620 2166 644 2226 si
662 2166 765 2245 possit.

200 2249 310 2311 Primo
327 2248 471 2309 sententio
486 2249 632 2321 affirmat,
649 2250 719 2328 quia
730 2248 801 2308 alias
812 2248 1005 2309 videturesse
1021 2247 1172 2329 suiipsius

164 2334 370 2397 homicida.lta
383 2329 493 2410 lmolo,
505 2341 537 2409 ‚et
552 2330 647 2393 Folio.
660 2332 742 2413 opud
753 2331 847 2394 δαίαῃ.
860 2332 932 2394 ibid.
947 2351 979 2392 ῃ.
990 2334 1040 2393 61.
1053 2343 1083 2394 et
1096 2354 1172 2398 asse·

163 2427 235 2482 runt
253 2419 296 2478 sic
317 2417 414 2496 colligi
440 2433 475 2477 ex
500 2418 533 2478 S.
552 2416 655 2478 Tbom.
667 2419 720 2495 qui
742 2416 773 2478 1.
787 2421 817 2478 2.
831 2435 861 2498 q.
883 2419 932 2477 69.
953 2424 1012 2476 art.
1029 2419 1058 2479 l.
1081 2418 1122 2482 ad
1139 2424 1169 2481 ἱ).

163 2503 235 2564 dicit
248 2547 257 2575 ,
269 2498 347 2579 qubd
358 2499 437 2578 juste
455 2501 611 2560 damnatus
628 2501 664 2560 ad
678 2509 805 2561 mortem
818 2517 879 2560 ῃαῃ
893 2508 1006 2562 tenetur
1016 2500 1112 2581 faeere
1127 2504 1168 2581 id,

162 2586 241 2649 unde
256 2603 336 2646 mors
350 2592 506 2664 sequatur,
524 2584 604 2665 quod
621 2594 664 2647 est
679 2586 799 2645 mouere
816 2585 850 2646 in
862 2583 937 2663 loco,
957 2584 1034 2648 uode
1045 2586 1172 2651 ducator

163 2670 204 2732 od
222 2677 357 2730 mortem.
388 2670 528 2742 Quamvis
550 2669 626 2729 hanc
650 2670 825 2730 senteutiam
852 2671 1036 2749 probabilem
1065 2675 1170 2736 vocent

161 2752 256 2817 δαίαῃ.
277 2751 349 2814 ibid.
369 2770 402 2812 ῃ.
414 2755 462 2813 65.
476 2752 563 2832 longia
585 2754 730 2813 veriorem
745 2761 860 2828 tamen,
880 2763 910 2814 ct
928 2756 1085 2817 tenendam
1098 2768 1170 2835 puto

161 2835 319 2900 secundom
337 2840 527 2909 constentiam,
551 2856 616 2915 quac
635 2837 720 2898 docet
744 2845 805 2898 tam
827 2838 979 2899 detentum
1000 2842 1031 2900 in
1055 2861 1169 2902 carcerc

161 2940 217 3001 pro
235 2920 360 2981 crimine
374 2920 487 2998 capitali
502 2964 511 2992 ‚
529 2919 617 2998 qubm
631 2920 710 2997 juste
731 2921 903 2999 damnatum
919 2923 956 2982 ad
967 2932 1109 2997 mortem,
1123 2926 1169 2984 iu·

161 3024 230 3085 gero
245 3022 306 3064 non
323 3005 436 3077 tenori,
452 3006 596 3065 utdicuut
608 3003 689 3085 Spin.
704 3007 766 3067 δαί.
777 3008 836 3083 δα,
850 3003 1061 3086 ctpluresoum
1074 3005 1167 3069 δαίιῃ.

161 3090 210 3149 cit.
224 3107 256 3148 ῃ.
270 3091 319 3149 65.
334 3089 438 3161 Ratio,
454 3089 521 3167 quio
528 3133 539 3164 ,
557 3090 690 3166 quamvis
702 3107 771 3150 reus
784 3109 844 3149 non
860 3090 952 3166 possit
963 3089 1057 3148 facere
1070 3099 1167 3151 aetum

161 3172 331 3233 immediato
346 3172 515 3232 tendentem
534 3173 571 3231 ad
590 3182 738 3244 mortem,
755 3181 789 3233 ut
802 3190 853 3231 sua
871 3171 1008 3231 mutilare
1021 3174 1164 3251 membro,

161 3253 179 3315 b
201 3256 283 3317 furca
307 3275 338 3316 se
361 3255 502 3333 dejicere,
527 3274 673 3316 venenum
692 3266 812 3333 potare,
826 3258 903 3325 eto,
916 3254 1006 3313 licent
1026 3264 1124 3315 tamon
1140 3258 1167 3318 ei

162 3347 242 3399 actus
256 3341 395 3413 mediati,
410 3349 444 3400 ut
457 3341 613 3400 ascendere
631 3339 737 3398 scalam
757 3339 864 3408 furcae,
884 3337 1040 3398 extendere
1059 3340 1167 3403 collum

161 3423 198 3483 ad
214 3424 400 3502 patibulum,
414 3434 445 3484 et
461 3427 502 3486 sic
517 3427 675 3486 incarcere
694 3423 834 3500 mandr03
852 3420 978 3482 maxime
990 3467 999 3495 ,
1012 3425 1036 3483 si
1052 3426 1167 3501 justum

160 3507 251 3568 linem
269 3507 392 3586 habeat,
404 3517 439 3569 ut
454 3510 571 3570 crimini
590 3509 763 3581 satisfaciat,
778 3516 812 3568 ut
829 3525 880 3567 sua
903 3508 1018 3585 punitio
1042 3511 1105 3569 aliis
1127 3511 1164 3571 ad

163 3591 331 3670 exemplum
351 3593 463 3672 prosit,
477 3603 508 3655 et
526 3593 568 3653 sic
581 3592 786 3672 intelligendus
799 3601 843 3656 cst
856 3594 885 3655 δ.
899 3590 1000 3737 Thi}
1014 3604 1043 3654 ut
1058 3593 1165 3673 sapuit,
