2610 4186
386 301 459 382 cop.
472 302 502 362 i.
519 300 564 363 De
575 296 848 363 smrnnceuteliius.
1061 301 1120 362 tet

113 431 129 461 s
153 412 182 467 et
202 402 333 478 similes3
346 399 418 462 item
438 402 539 463 multae
551 402 615 463 aliae
625 401 823 474 ceremoniae,
835 408 865 463 et
883 419 931 465 res
945 401 1036 465 etium
1048 405 1119 481 ipse

113 513 129 543 s
152 507 257 561 sneroe,
277 505 344 564 quae
357 486 390 546 in
404 487 528 555 Ecclesia
544 486 652 564 partim
668 487 705 546 ab
716 486 854 563 apostolis
867 487 999 559 traditae,
1010 488 1117 566 partim

112 599 127 628 a
153 581 253 651 postea
273 571 416 632 institutae
429 579 517 643 sunt,
532 579 566 630 ut
585 571 760 640 exorcismi,
780 570 1007 643 inminutiones,
1021 572 1117 650 prima

111 681 126 711 a
151 664 289 724 tonsura,
301 652 535 729 benedictiones,
550 661 582 715 et
599 652 829 715 consecrationes
839 656 988 716 variarum
1001 672 1115 725 rerum,

110 764 127 795 a
151 745 184 799 et
201 754 410 817 personarum,
426 747 460 797 ut
475 737 628 810 Ecclesioe,
644 738 785 809 calicum,
797 745 854 800 etc.
866 738 936 815 ipsae
949 739 1037 798 etiam
1049 737 1117 797 her-

19 836 20 841 *
110 848 126 879 o
151 824 216 895 bar,
234 822 363 894 lumina,
374 821 519 884 vinumS.
535 822 654 883 loannis
664 865 674 894 ,
684 821 761 882 cerei
777 823 987 901 agni,signum
1001 824 1032 882 S.
1043 825 1115 880 Cru-

111 933 127 964 η
151 911 205 970 cis.
232 906 382 987 Quaeritur
402 905 490 985 ergo,
504 924 593 985 quum
612 907 675 967 uim
696 906 823 966 habeant
844 927 853 965 ε
876 905 949 966 nim
969 925 1005 967 ex
1028 923 1116 984 operc

111 1016 126 1046 o
150 990 311 1070 operantis,
322 987 391 1050 cim
401 1001 514 1051 certum
522 992 575 1068 sit,
585 991 670 1055 sicuti
682 1008 734 1068 por
744 991 800 1051 alia
810 990 857 1069 pie
868 1008 968 1069 opera,
977 991 1017 1050 sic
1027 991 1116 1052 etiam

109 1100 125 1129 n
151 1076 189 1135 iis
207 1073 404 1150 nos-merem
421 1092 472 1135 seu
489 1092 525 1134 ex
536 1091 624 1151 opere
639 1078 779 1152 operato?

150 1159 250 1219 ot.-
264 1183 277 1212 a
291 1160 377 1236 Resp.
391 1161 422 1220 2.
438 1159 503 1218 Non
521 1156 632 1216 habent
649 1159 710 1217 rim
731 1175 767 1217 ex
784 1174 873 1237 opere
892 1160 1093 1236 operatocons
1106 1190 1117 1204 ·

108 1267 123 1296 u
149 1241 235 1303 rendi
253 1242 397 1320 gratiam,
413 1250 465 1301 ant
484 1241 654 1301 remittendi
672 1248 787 1318 peecata
809 1242 838 1301 vi
859 1259 926 1315 sua,
946 1251 975 1303 et
996 1260 1049 1320 per
1063 1261 1114 1310 se,

109 1350 123 1379 a
147 1324 201 1385 sed
215 1324 330 1386 tannim
347 1334 491 1405 quatenus
508 1326 539 1384 in
552 1326 636 1386 nohis
649 1326 732 1403 pium
745 1333 860 1384 motum
879 1327 1016 1386 excitant.
1031 1327 1115 1386 Ratio

107 1435 123 1465 u
148 1409 258 1489 prioris
275 1419 339 1481 est,
355 1408 420 1469 tium
440 1408 509 1482 quia
531 1426 676 1486 nusquam
694 1409 851 1487 promissio
868 1410 984 1487 gratie,
1004 1420 1054 1469 ant
1068 1428 1115 1468 re-

107 1518 122 1549 n
147 1492 295 1553 missionis
310 1502 494 1570 peccatorum
514 1492 550 1551 iis
571 1493 645 1552 sacta
668 1493 834 1571 reperitue3
847 1492 911 1553 ttim
924 1493 994 1570 quia
1015 1510 1115 1572 peeca-

106 1601 121 1632 κ
147 1583 216 1637 tum
238 1577 326 1636 etiam
344 1577 458 1636 veniale
479 1592 538 1635 non
559 1576 724 1636 remittitur
741 1577 805 1635 sine
823 1577 970 1637 infusione
989 1578 1112 1656 grutiae,
1214 1598 1218 1602 ’

105 1684 121 1715 o
146 1677 239 1737 qnam
258 1659 426 1720 conserendi
444 1676 478 1718 ea
495 1659 605 1719 nullam
622 1677 674 1738 per
695 1677 726 1719 se
745 1658 855 1721 habent
870 1661 942 1721 vim.
963 1661 1048 1720 Ratio
1061 1678 1115 1739 po·

107 1767 122 1799 s
146 1743 281 1804 sterieris
302 1751 361 1820 est,
385 1743 454 1822 quia
474 1744 503 1804 id
522 1744 774 1804 accommodatum
794 1753 838 1805 est
859 1746 1115 1809 sacramentalium

104 1854 121 1885 a
133 1827 346 1901 institutioni,
363 1836 393 1888 et
415 1829 644 1898 consecrationi,
660 1846 726 1905 quae
740 1827 776 1888 tit
788 1847 842 1907 per
858 1848 958 1907 preces
970 1831 1113 1903 Ecclesiae,

22 1921 29 1928 ·
106 1937 122 1968 a
147 1911 258 1991 quibus
278 1914 339 1991 ipsa
351 1911 436 1972 nohis
450 1913 521 1973 tales
534 1919 632 1972 motus
644 1919 790 1988 precatur.
807 1912 892 1972 Cone.
904 1929 935 1988 q.
950 1913 999 1971 lt.
1010 1920 1067 1970 ort.
1082 1902 1112 1971 5.

145 1998 197 2057 92.
209 1997 408 2070 -Quaeritur
423 1995 514 2074 ergo,
533 1994 681 2075 quomodo
706 1994 799 2072 culpe
819 1996 948 2056 veniales
961 1996 1114 2057 remittan-

105 2089 161 2142 tur
177 2097 231 2159 per
246 2081 490 2140 sacramentalia?

145 2164 255 2225 Primo
269 2163 415 2229 sententie
429 2184 497 2226 cum
508 2165 570 2226 Sot.
589 2158 658 2226 Vol.
670 2158 741 2223 Led.
766 2161 841 2223 Vict.
857 2169 912 2222 cto.
931 2159 1014 2240 opool
1025 2161 1114 2224 Croiu

49 2310 53 2315 .
105 2246 128 2311 l.
143 2250 176 2309 e.
189 2267 221 2329 p.
238 2251 266 2308 l.
284 2267 318 2308 n.
330 2250 399 2309 iil.
414 2250 485 2308 dicit
503 2248 722 2311 sacramentalia
738 2264 774 2306 ex
786 2246 971 2306 institutione
982 2247 1113 2309 ecclesia

104 2336 171 2394 uim
188 2331 296 2393 habere
312 2334 436 2393 venialia
451 2331 621 2393 remittendi
635 2351 670 2391 ex
684 2348 771 2409 opere
785 2340 905 2408 operatu
916 2351 926 2405 3
939 2329 1007 2407 quia
1020 2349 1114 2391 sacru-

105 2417 248 2477 mentalia
263 2434 380 2494 semper
394 2418 519 2479 venialia
531 2418 706 2490 remittunt,
722 2414 776 2475 etsi
790 2432 849 2474 non
859 2431 975 2492 semper
986 2414 1019 2474 in
1029 2416 1113 2476 nobis

104 2502 194 2581 pium
211 2509 324 2563 motum
342 2501 480 2561 excitent.

145 2583 281 2669 Secundo
290 2586 433 2645 sententio
445 2595 540 2644 tamen
553 2584 753 2653 communior,
770 2591 801 2643 et
813 2583 930 2655 verior,
945 2601 1014 2643 cnm
1026 2584 1109 2644 Cont.

109 2672 224 2730 Tuom.
235 2666 271 2727 de
286 2684 345 2729 suc.
360 2687 425 2747 cop.
440 2670 470 2729 la.
483 2677 544 2729 ort.
557 2671 588 2731 2.
609 2666 751 2748 Wipoodt
765 2675 804 2727 tr.
816 2669 865 2728 ts.
879 2666 1110 2729 cneur.2.n.25.

105 2756 138 2814 S.
158 2751 296 2833 rctap.
307 2752 396 2813 Suor.
412 2756 487 2813 Bne.
503 2753 591 2813 croix
602 2749 625 2811 l.
643 2770 666 2811 c.
696 2750 771 2813 Vino
786 2750 820 2813 de
831 2770 907 2813 socr.
918 2770 969 2832 qn.
985 2754 1014 2811 l.
1033 2771 1063 2812 o.
1080 2754 1110 2814 8.

105 2855 139 2896 n.
157 2835 188 2895 7.
203 2843 304 2916 etseq.
323 2843 404 2897 tenet
420 2854 474 2915 per
491 2835 708 2896 sacramentalia
724 2850 784 2895 non
800 2837 911 2896 remitti
930 2836 1055 2896 venialia
1075 2855 1111 2896 ex

105 2936 198 2997 opere
219 2927 362 2997 operato,
380 2921 431 2980 sed
450 2916 565 2982 tantirm
578 2920 650 2998 quia
669 2937 723 2997 per
740 2936 774 2979 ea
793 2922 860 2998 pius
874 2926 971 2979 motus
985 2919 1108 2992 doloris,

105 3011 161 3063 unt
181 3002 330 3063 charitatis
348 3005 379 3063 in
404 3006 488 3065 nobis
506 3006 670 3069 excitatur,
687 3022 747 3082 quo
765 3004 890 3065 venialia
905 3004 1109 3065 remittuntur.

105 3087 251 3165 idemque
270 3087 404 3166 expresse
424 3089 509 3149 docet
524 3090 566 3147 D.
586 3083 640 3148 rt.
655 3087 684 3145 5.
695 3105 729 3164 p.
742 3105 772 3166 q.
790 3089 839 3148 et.
858 3103 889 3145 α.
908 3087 938 3145 5.
952 3083 993 3146 ecl
1009 3086 1038 3141 l.
1060 3084 1110 3145 ubi

106 3172 170 3230 nit:
188 3170 298 3231 Omnia
316 3170 376 3234 iata
393 3179 520 3233 consent
536 3170 732 3230 reensionem
747 3177 931 3248 pcccomrom
949 3163 1111 3227 curtiali-nm

106 3250 266 3335 iuorplicite,
279 3252 325 3316 ocl
344 3254 487 3336 explicite.
505 3254 580 3314 llinc
599 3252 735 3312 omnibus
751 3251 886 3312 fidelibus
899 3251 1062 3310 consultum
1077 3250 1111 3310 su

107 3344 176 3413 post
190 3339 388 3415 sumptionem
410 3358 493 3416 aquae
505 3334 678 3408 benedictae,
696 3342 752 3392 etc.
771 3351 801 3395 sc
821 3333 947 3395 excitare
962 3332 999 3392 ad
1013 3340 1110 3395 aetum

106 3419 235 3493 doloris,
249 3423 310 3483 siue
322 3424 442 3487 umoris.
