2610 4186
196 307 253 367 286
345 302 409 366 Lib.
423 305 452 364 ii.
468 302 564 364 Tract.
580 304 666 362 l.De
680 300 870 362 sacramentis
884 299 916 360 in
929 319 1043 382 penore.

194 402 427 486 ipsadominum
446 401 627 485 defecerunt,
645 399 837 464 districtionis
852 398 935 462 iliius
948 418 1010 463 nan
1029 401 1147 481 patitur
1170 404 1205 464 iu

194 486 329 550 omuibus
338 488 455 548 manem
465 504 639 548 censuram.-
650 492 679 546 et
693 492 765 546 atas
774 483 860 547 istius
875 484 977 564 dequo
990 485 1108 567 apitur,
1122 484 1205 567 fietu·

194 589 238 633 ra
248 569 467 632 incontinentia
478 571 672 651 suspicionem
688 566 806 649 auferre
817 567 1013 650 dipuoscitur,
1032 577 1067 630 ut
1081 567 1124 629 ad
1134 568 1203 631 dia·

194 663 331 716 conatum
339 653 431 734 possit
439 652 560 736 prouehi
568 697 576 722 ‚
593 661 774 734 temporum,
788 661 824 712 ut
841 651 951 714 dictam
964 660 1026 729 est,
1037 652 1204 716 condescen-

193 737 291 800 dentes
315 736 457 820 defectui,
477 737 647 799 consensisse
672 752 726 798 nos
751 735 879 798 noveris.
902 738 977 797 ltem
1003 736 1037 798 in
1061 755 1128 818 cap.
1153 739 1204 797 Ec

197 830 292 883 tenore
298 867 308 898 ,
321 820 356 882 de
369 830 456 902 temp.
469 819 567 882 ordin.
581 820 622 881 sic
633 819 779 882 habetur:
793 819 899 883 Verum
907 821 1203 902 quoniampeccatum

194 906 288 985 ipsius
309 902 373 985 fore
387 902 528 966 occuitum
545 903 672 981 dixisti,
686 901 865 966 mandamus
873 949 883 981 ,
904 904 1049 986 quatenus
1061 904 1204 982 poeniteu-

195 990 269 1051 tiam
288 992 317 1051 ei
326 988 500 1070 eondc'pnam
514 989 649 1070 imponas
659 1034 668 1065 ,
680 986 842 1051 etsuadeas
849 1034 859 1066 ,
876 997 913 1049 ut
928 995 1014 1071 parte
1025 989 1204 1070 poenitentia

195 1079 332 1154 peracta,
356 1073 458 1135 ordine
475 1082 605 1154 suscepto
622 1081 744 1149 utatar;
758 1086 816 1153 qua
830 1080 981 1133 contentus
1001 1072 1151 1143 existens,
1165 1071 1205 1131 ad

194 1157 356 1239 superiores
366 1155 496 1237 amptius
505 1176 565 1218 non
578 1154 725 1217 mundat.
738 1157 960 1232 Verumtamen,
974 1155 1046 1236 quio
1055 1162 1204 1235 peccatum

195 1240 338 1304 omultum
355 1250 412 1311 est,
438 1241 467 1303 si
482 1240 650 1323 promoueri
671 1238 813 1317 onirocrit,
836 1259 902 1302 eum
918 1258 979 1300 nou
998 1237 1080 1302 dobes'
1098 1236 1204 1318 aliqud

195 1326 309 1388 ratione
316 1325 478 1408 protulere.
493 1328 630 1386 Attamen
642 1325 820 1397 notandum,
833 1334 865 1385 ut
875 1324 1002 1399 diximus
1012 1344 1043 1385 u.
1060 1325 1110 1385 52.
1124 1323 1210 1384 hune

195 1427 338 1472 canonem
352 1421 515 1470 correctum
526 1410 614 1469 tuisse
629 1410 660 1469 in
670 1407 779 1488 pantol
797 1407 927 1469 Trident.
940 1406 975 1468 in
987 1427 1013 1469 c.
1027 1409 1057 1470 l.
1069 1424 1141 1469 sess.
1152 1410 1202 1468 ll.

196 1491 231 1555 de
242 1491 373 1575 Reform.
388 1501 442 1554 etc.
455 1493 506 1552 ubi
525 1493 666 1564 babetur,
679 1491 760 1570 qubd
774 1492 908 1570 Episcopi
924 1489 999 1556 bend
1021 1499 1144 1570 possunt
1164 1490 1203 1551 ab

196 1585 312 1655 peecata
331 1578 461 1649 occulte,
490 1577 578 1636 etiam
598 1574 857 1652 extrajudicialiter
878 1575 1018 1655 cognita,
1045 1572 1203 1655 prohibere

197 1660 375 1726 initiandos.
397 1658 557 1738 quominus
570 1659 759 1720 ordinentur.

117 1754 122 1762 '
237 1744 287 1805 70.
297 1776 335 1789 -
349 1742 423 1803 Cium
436 1744 527 1822 igitur
539 1761 635 1821 neque
655 1742 788 1803 Ecclesia
801 1749 998 1823 praeceptum,
1020 1759 1118 1822 neque
1129 1759 1206 1823 prm·

196 1828 289 1894 sentis
308 1826 470 1905 disciplinae
485 1826 665 1891 consuetudo
684 1834 767 1905 coget
781 1827 817 1887 ad
835 1826 1071 1905 probandossoll
1090 1834 1207 1904 tempo-

196 1911 238 1970 ris
251 1910 446 1971 diuturnitate
459 1928 509 1972 cos
523 1954 531 1984 ,
545 1911 596 1989 qui
611 1910 648 1970 ad
660 1928 757 1972 sacros
769 1910 886 1972 ordines
907 1917 977 1971 sunt
989 1911 1184 1989 promovendi
1195 1955 1206 1984 ,

197 1994 235 2057 ad
248 1995 423 2073 prudentem
437 1995 643 2055 confessarium
657 1994 800 2073 spectabit
809 2012 998 2074 cognoscere,
1011 2013 1049 2056 au
1060 1997 1205 2073 poenitens

195 2079 245 2138 rel
258 2079 399 2156 temporis
412 2078 635 2156 experimento,
651 2079 699 2140 vel
714 2079 770 2140 alit
791 2080 839 2139 vil
858 2079 897 2139 sit
913 2079 1124 2141 convenienter
1137 2096 1209 2157 pra·
1286 2072 1287 2089 ¹

196 2163 301 2235 batus,
315 2172 402 2241 atque
426 2163 582 2240 dispositus
603 2162 770 2222 adtentum
790 2162 965 2241 dignitatem
988 2163 1204 2224 cuonrandum.

196 2245 276 2309 Beni
291 2255 390 2306 autem
399 2246 517 2305 evenire
528 2253 641 2323 potest,
654 2245 734 2324 qubd
747 2248 825 2306 Dens
836 2291 844 2319 ‚
857 2245 941 2324 cujus
958 2245 1090 2324 judlcia,
1108 2254 1140 2307 et
1150 2246 1209 2305 mi·
1284 2266 1285 2291 o

195 2329 362 2390 sericordics
373 2327 557 2388 admirabiles
569 2336 657 2402 sunt,
672 2330 779 2390 auxilia
792 2330 986 2391 tamefficacia
1004 2330 1105 2413 gratie
1121 2328 1210 2390 alicui
1283 2384 1284 2391 ,

196 2412 404 2492 largiatur,ut
413 2413 646 2491 compunctionis
656 2412 839 2474 vehementia
852 2414 992 2492 temporis
1002 2412 1210 2492 probationem
1282 2474 1283 2491 ,

197 2505 375 2576 compenset.
394 2497 485 2556 Docet
507 2496 588 2555 cuim
611 2498 653 2558 D.
681 2496 825 2569 Thomas,
843 2495 930 2575 quid·
948 2499 1026 2556 Deus
1049 2494 1209 2573 aliquando

195 2581 278 2640 totlit
290 2580 399 2658 pcccati
412 2581 552 2658 reliquias
569 2580 727 2642 successive
746 2599 799 2659 per
815 2599 899 2642 suam
912 2582 1036 2660 gratiam
1047 2585 1212 2658 cobperauae
1240 2579 1243 2583 ’
1281 2586 1282 2589 ’

199 2661 532 2740 tem,cliquandoverb
545 2666 645 2725 statim
662 2682 862 2744 permagnam
882 2664 1130 2740 commotionem,
1148 2665 1207 2741 qut
1230 2682 1238 2699 ·
1280 2680 1281 2689 ¹

198 2746 289 2807 bomo
302 2748 460 2824 perfectam
471 2749 626 2809 sanitatem
640 2751 823 2828 spiritualem
836 2750 1036 2827 consequitur.
1051 2749 1113 2808 liae
1125 2748 1210 2808 docet

199 2831 229 2891 5.
266 2835 324 2888 art.
337 2837 440 2908 quast.
456 2830 504 2889 86.
520 2838 578 2890 art.
595 2833 624 2891 t.
646 2830 686 2892 ad
695 2835 723 2892 l.
744 2834 795 2893 ubi
810 2851 942 2913 quaerens
954 2829 1209 2904 aerumnosam

197 2847 287 2993 culpa
297 2908 437 2983 mortali,
455 2910 598 2973 tollantur
614 2933 713 2976 omnes
727 2914 860 2998 reliquiae
876 2916 987 2999 pcccati
996 2923 1012 2976 t
1031 2914 1134 2992 objicit
1152 2914 1210 2974 sibi

198 2997 284 3077 (iul.
301 2992 414 3075 object.)
438 2999 642 3058 auctoritatem
656 3000 698 3058 D.
713 3001 875 3082 Aequatiai
891 3001 924 3061 in
937 2997 988 3062 tto.
1005 2997 1040 3061 de
1061 2996 1166 3079 poenit.
1183 3015 1208 3058 c.
1276 3044 1277 3085 q

200 3085 228 3148 2.
243 3088 265 3141 t.
279 3082 309 3140 lo.
330 3081 381 3158 qni
392 3080 433 3139 ait
453 3100 462 3140 c
478 3081 643 3161 Nunquam
657 3083 805 3145 Dominus
817 3083 946 3166 aliquem
968 3082 1110 3155 sanauit,
1124 3099 1210 3161 quern
1275 3090 1277 3139 ξ

199 3163 319 3234 mnniud
336 3181 398 3224 nan
410 3161 565 3242 tiberina,-
585 3173 677 3227 totmn
693 3170 771 3230 enim
792 3168 938 3229 loncinem
961 3168 1081 3233 sanauit
1096 3168 1130 3228 in
1142 3165 1211 3228 salo·

200 3247 289 3325 bato,
314 3246 388 3328 quia
411 3256 439 3308 et
452 3266 557 3329 corpus
582 3248 619 3312 ab
639 3250 722 3312 ononi
745 3250 941 3333 infirmitate,
961 3259 991 3315 et
1012 3250 1148 3328 annuam
1174 3247 1211 3312 ab

200 3333 283 3396 amni
296 3333 474 3413 contapione.
487 3335 654 3412 llcspondct
666 3336 735 3398 inde
749 3338 903 3416 Angelicus
914 3358 922 3396 ε
933 3334 1115 3417 Quandoque
1125 3336 1212 3413 tauta

199 3415 388 3477 commotione
402 3419 542 3478 conuertit
564 3418 665 3497 (Deus)
688 3437 737 3479 car
755 3418 900 3493 dominis,
918 3428 952 3484 ut
968 3417 1066 3481 subiti
1086 3413 1212 3497 perfecti

199 3505 395 3574 consequatur
405 3499 563 3561 sanitatem
572 3500 774 3583 spirituatem,
787 3521 847 3566 non
860 3501 955 3566 solim
970 3503 1094 3565 remissa
1109 3496 1212 3579 eulpa,

201 3576 251 3635 scd
262 3574 386 3639 satiatis
396 3581 530 3643 omnibus
539 3586 652 3666 peccati
665 3585 822 3668 reliquiis3
839 3596 876 3649 ut
885 3594 969 3669 patet
987 3584 1021 3649 de
1029 3581 1215 3665 Maqdalcua

203 3656 272 3714 Luc.
288 3659 318 3717 7.
334 3659 516 3743 Quandoque
529 3674 627 3728 autem
645 3668 734 3749 pride
749 3669 873 3734 rcrocittit
883 3669 1000 3754 culpant
1013 3686 1069 3754 ptr
1081 3665 1217 3751 qratiam
