2610 4186
292 244 366 326 cop.
381 245 411 304 5.
426 227 472 309 Di
483 243 659 326 suscipiente
670 254 895 308 sacromentum.
907 248 987 311 Del.
1000 250 1030 312 l.
1107 251 1165 313 295

159 347 286 417 intectis
314 348 455 426 probatus
474 347 510 406 ad
540 345 708 424 hujusmodi
731 349 838 427 gradun
866 350 1052 410 assumendos
1068 371 1077 427 3
1096 352 1166 412 aliis

158 435 365 501 dicendumar
379 430 465 509 sopri
476 433 569 492 allatis
581 476 590 507 ,
600 432 680 511 quid
691 451 787 511 neque
799 435 932 495 ordinari
943 445 1057 512 posset,
1068 454 1164 514 neque

158 513 447 585 tenereturobedire.
458 516 633 577 Aliudenim
650 526 694 578 est
705 519 834 596 aliquem
850 537 909 578 non
920 536 982 579 csse
991 530 1161 598 purgatum,

157 605 239 670 aliud
254 621 314 663 non
329 618 390 660 csse
402 599 572 678 probatum.

195 693 259 763 Qua
272 687 308 746 dc
318 703 352 744 rc
363 727 372 754 ,
384 685 521 744 omnibus
532 694 632 746 tamen
644 705 713 747 mox
724 686 871 765 proedictis
886 705 946 747 non
959 687 1160 761 obstantibus,

157 770 281 839 omnini
291 767 469 838 tenendum,
482 767 581 845 quid,
600 779 634 830 ut
648 771 770 831 clericus
786 772 818 831 in
828 772 909 831 vitiis
925 771 1091 831 habituatos
1101 792 1166 850 pos«

155 861 195 919 sit
217 854 344 924 absolvi,
363 852 417 910 etsi
443 851 506 929 ipse
529 854 601 913 velit
624 855 722 914 statim
747 857 809 915 sine
827 857 969 932 temporis
989 856 1161 933 probatione

155 941 291 1002 accedere
306 936 342 997 ad
353 943 448 994 sacros
460 935 599 1009 ordines,
620 938 706 999 debet
729 941 779 1000 tali
790 941 1014 1017 compunctione
1030 949 1161 1000 extraor-

155 1023 270 1085 dinarii
283 1039 346 1082 esse
363 1018 380 1079 i
395 1021 456 1080 Deo
469 1020 621 1082 manifesti
640 1021 765 1083 donatus
783 1033 818 1084 ut
828 1025 897 1083 sutis
910 1025 1050 1101 probatus
1063 1033 1161 1085 osten-

155 1112 244 1171 datur
254 1106 293 1166 ad
305 1111 395 1166 tantae
406 1102 556 1182 dignitatis
569 1107 791 1168 sublimitatem.

193 1187 294 1254 72-
314 1190 457 1248 Praeterea
473 1188 704 1263 advertendum,
727 1192 806 1269 quid
826 1192 1015 1252 confessarius
1033 1201 1095 1253 tolo
1116 1211 1161 1254 eo·

155 1286 226 1342 natu
237 1289 340 1336 curare
349 1271 455 1341 debet,
472 1275 774 1350 persuasumreddcre
787 1274 956 1352 hujusmodi
968 1277 1158 1347 initiandum,

153 1359 289 1443 quamvis
298 1355 527 1416 extraordinarii
549 1357 593 1436 (ut
611 1358 710 1437 sopri)
734 1370 962 1437 compunctum,
986 1370 1021 1421 ut
1042 1361 1158 1421 differat

154 1447 271 1510 ordines
296 1442 442 1517 suscipere
466 1441 656 1521 quoadusque
675 1446 848 1523 probatione
871 1446 994 1522 alicujus
1021 1448 1158 1507 notabilis

153 1549 246 1596 morae
257 1525 349 1603 magis
360 1533 517 1603 purgatum
530 1545 561 1587 se
582 1529 738 1606 praebenti
759 1531 916 1591 sceleribus
940 1534 1072 1609 patratis.
1093 1529 1156 1592 lmb
1238 1542 1241 1547 '

152 1617 247 1686 addo,
262 1609 421 1671 consultius
438 1618 468 1669 et
480 1614 688 1689 congruentius
696 1633 773 1684 csse,
789 1625 822 1675 ut
834 1616 947 1675 etiamsi
963 1617 1025 1694 ipse
1042 1618 1080 1676 sit
1092 1635 1157 1676 con·

152 1702 263 1770 tritus,
288 1703 318 1754 et
336 1711 371 1753 ex
381 1697 604 1771 compunctione
615 1696 713 1758 habita
728 1700 905 1760 sufficienter
920 1701 1076 1778 dispositus
1095 1720 1156 1762 non

151 1785 249 1848 solium
260 1786 297 1845 ad
310 1785 541 1852 absolutionem,
563 1781 712 1841 sedetiam
724 1784 759 1842 ad
775 1784 909 1843 ordinem
927 1786 1132 1846 assumendum
1146 1829 1154 1853 ‚

151 1882 251 1933 tumen
269 1870 296 1929 ei
310 1869 453 1929 absolutio
471 1866 636 1938 differatur,
653 1867 716 1943 ipso
728 1884 846 1944 quoqne
861 1886 921 1927 non
932 1872 1154 1941 consentiente,

150 1957 176 2016 si
193 1955 265 2015 velit
287 1953 385 2014 statim
407 1951 560 2018 ordinari,
586 1957 620 2009 ut
646 1950 787 2026 temporis
817 1951 1017 2028 experimento
1040 1952 1155 2013 firminis

151 2039 305 2118 probetur.
323 2034 490 2096 Dummodb
502 2032 593 2104 verb,
610 2033 740 2110 excipio,
754 2033 817 2112 ipse
832 2051 868 2093 ex
890 2033 1092 2096 hacdilatione
1105 2056 1156 2096 or-

152 2124 313 2184 dinationis
343 2140 403 2182 non
428 2121 465 2180 sit
485 2119 636 2193 subiturus
659 2128 782 2190 notam,
801 2119 862 2178 sive
882 2122 1049 2198 proximum
1076 2125 1157 2199 peri·

151 2206 409 2281 culuminiamiae3
423 2223 492 2265 nam
507 2205 539 2263 in
550 2201 682 2262 hoccasu
692 2220 841 2262 censerem
852 2222 919 2263 cum
932 2205 977 2263 Lo
992 2204 1081 2266 Croiuc
1091 2203 1112 2264 l.
1123 2208 1153 2266 6.

149 2311 182 2372 p.
196 2293 227 2352 2.
243 2291 446 2350 ettennon
467 2305 549 2366 posse
558 2289 765 2348 confessarium
779 2290 933 2366 poenitenti
953 2289 1091 2367 disposito
1105 2291 1156 2351 be·

149 2375 289 2436 ncficium
313 2374 504 2434 absolutionis
526 2371 659 2443 differre,
678 2375 746 2450 quia
766 2383 836 2432 tuuc
858 2374 908 2433 ille
924 2392 960 2434 ex
979 2376 1155 2436 consessione

149 2468 265 2540 peracta
279 2458 366 2518 habet
383 2457 432 2535 jus
448 2476 508 2518 non
525 2456 641 2516 tantiam
660 2457 696 2516 ad
719 2456 955 2526 absolutionem,
981 2459 1029 2519 sed
1041 2460 1077 2521 ad
1090 2480 1153 2521 eam

79 2566 82 2573 ’
148 2547 247 2608 statim
258 2540 611 2603 obtinendam.Caetcri1m
625 2542 728 2612 fateor,
738 2561 875 2621 magnam
888 2543 1083 2607 adhibendam
1093 2565 1154 2606 esso

149 2629 293 2690 cautelam
309 2629 340 2685 in
351 2626 521 2703 hujusmodi
532 2626 643 2686 clericis
654 2627 846 2699 absolvendis,
863 2630 914 2705 qui
928 2631 978 2689 vix
989 2627 1152 2690 initiorum

147 2731 233 2774 amno
244 2712 349 2772 emersi
366 2712 403 2770 ad
423 2711 522 2790 altaris
545 2710 741 2769 ministerium
763 2713 917 2773 ascendere
937 2713 1152 2786 inhiant‚nulli

150 2797 234 2857 enim
247 2792 466 2872 dubium,qubd
478 2792 584 2852 horum
596 2794 764 2870 frequenter
774 2797 1151 2876 mulusexitusdeploratur,

152 2898 219 2940 non
244 2880 307 2940 sinc
320 2880 448 2940 maximo
470 2878 603 2939 Ecclesia
621 2879 855 2953 detrimento‚et
865 2884 1044 2960 populorum
1055 2884 1151 2941 ruina.

498 3070 502 3075 ἢ
532 2985 672 3045 carun
695 2989 764 3046 111.
883 3070 886 3073 Ι

419 3102 455 3142 tin
475 3102 651 3144 SUSClPlENTE
671 3103 881 3144 stenaurttrttu.

556 3184 703 3248 DUBlUbl
725 3187 752 3248 l.

146 3294 239 3388 Quae
262 3291 451 3393 dispositio
468 3292 677 3393 requiratur
702 3292 747 3365 ad
765 3292 923 3367 valorem
939 3303 1151 3378 sacramenti

499 3390 538 3463 in
567 3388 823 3488 suscipiente?

146 3516 180 3567 78
200 3513 265 3567 Vide
276 3529 337 3581 quoe
348 3515 485 3569 letentur
497 3518 573 3583 opud
584 3521 705 3570 Boscmb.

147 3582 183 3632 tt)
199 3583 244 3630 An
251 3579 332 3654 colus
343 3580 422 3657 h‘imi’
434 3582 526 3658 uictor
540 3582 574 3633 sit
586 3597 680 3658 copon
697 3585 959 3638 sacramentorum?
975 3593 1018 3640 An
1038 3589 1091 3644 soli
1109 3591 1152 3646 bo·

213 3643 574 3712 ptruattualtdcstcscepront
586 3646 644 3699 otro
656 3647 854 3701 sacramento?
895 3690 898 3697 .

934 3717 995 3776 25..
