<?xml version="1.0" encoding="UTF-8"?>
<!DOCTYPE html PUBLIC "-//W3C//DTD XHTML 1.0 Transitional//EN"
    "http://www.w3.org/TR/xhtml1/DTD/xhtml1-transitional.dtd">
<html xmlns="http://www.w3.org/1999/xhtml" xml:lang="en" lang="en">
 <head>
  <title>
</title>
<meta http-equiv="Content-Type" content="text/html;charset=utf-8" />
  <meta name='ocr-system' content='tesseract 3.04.00' />
  <meta name='ocr-capabilities' content='ocr_page ocr_carea ocr_par ocr_line ocrx_word'/>
</head>
<body>
  <div class='ocr_page' id='page_1' title='image "./theologiamorali02heilgoog_0296.png"; bbox 0 0 2610 4186; ppageno 0'>
   <div class='ocr_carea' id='block_1_1' title="bbox 292 164 1161 251">
    <p class='ocr_par' dir='ltr' id='par_1_1' title="bbox 292 164 1161 251">
     <span class='ocr_line' id='line_1_1' title="bbox 292 164 1161 251; baseline 0.001 -21"><span class='ocrx_word' id='word_1_1' title='bbox 292 169 365 251; x_wconf 76' lang='lat' dir='ltr'><em>Cop.</em></span> <span class='ocrx_word' id='word_1_2' title='bbox 381 168 411 229; x_wconf 72' lang='lat'><em>2.</em></span> <span class='ocrx_word' id='word_1_3' title='bbox 426 166 470 229; x_wconf 86' lang='lat' dir='ltr'><em>Dc</em></span> <span class='ocrx_word' id='word_1_4' title='bbox 484 164 621 228; x_wconf 81' lang='lat' dir='ltr'><em>ministro</em></span> <span class='ocrx_word' id='word_1_5' title='bbox 634 171 886 229; x_wconf 79' lang='lat' dir='ltr'><em>sacramentorum</em></span> <span class='ocrx_word' id='word_1_6' title='bbox 899 166 977 232; x_wconf 80' lang='lat' dir='ltr'><em>uuo.</em></span> <span class='ocrx_word' id='word_1_7' title='bbox 988 171 1018 232; x_wconf 72' lang='lat'><em>2.</em></span> <span class='ocrx_word' id='word_1_8' title='bbox 1103 170 1161 234; x_wconf 70' lang='lat'><em>287</em></span> 
     </span>
    </p>
   </div>
   <div class='ocr_carea' id='block_1_2' title="bbox 150 263 1162 433">
    <p class='ocr_par' dir='ltr' id='par_1_2' title="bbox 150 263 1162 433">
     <span class='ocr_line' id='line_1_2' title="bbox 150 263 1162 353; baseline 0.002 -22"><span class='ocrx_word' id='word_1_9' title='bbox 150 274 340 353; x_wconf 73' lang='lat' dir='ltr'><em>apotomen,</em></span> <span class='ocrx_word' id='word_1_10' title='bbox 357 268 513 333; x_wconf 75' lang='lat' dir='ltr'><em>successive</em></span> <span class='ocrx_word' id='word_1_11' title='bbox 535 263 614 343; x_wconf 87' lang='lat' dir='ltr'><em>tollit</em></span> <span class='ocrx_word' id='word_1_12' title='bbox 624 270 735 351; x_wconf 78' lang='lat' dir='ltr'><em>porceti</em></span> <span class='ocrx_word' id='word_1_13' title='bbox 751 265 902 349; x_wconf 81' lang='lat' dir='ltr'><em>reliquias.</em></span> <span class='ocrx_word' id='word_1_14' title='bbox 915 271 945 330; x_wconf 88' lang='lat' dir='ltr'><em>Si</em></span> <span class='ocrx_word' id='word_1_15' title='bbox 965 269 1035 350; x_wconf 80' lang='lat' dir='ltr'><em>ergb</em></span> <span class='ocrx_word' id='word_1_16' title='bbox 1053 271 1162 343; x_wconf 67' lang='lat' dir='ltr'><em>divina</em></span> 
     </span>
     <span class='ocr_line' id='line_1_3' title="bbox 150 351 1161 433; baseline 0.005 -20"><span class='ocrx_word' id='word_1_17' title='bbox 150 354 254 433; x_wconf 77' lang='lat' dir='ltr'><em>grstioe</em></span> <span class='ocrx_word' id='word_1_18' title='bbox 265 351 391 415; x_wconf 87' lang='lat' dir='ltr'><em>efficacia</em></span> <span class='ocrx_word' id='word_1_19' title='bbox 411 352 490 412; x_wconf 80' lang='lat' dir='ltr'><em>valet</em></span> <span class='ocrx_word' id='word_1_20' title='bbox 511 352 625 411; x_wconf 82' lang='lat' dir='ltr'><em>sulerre</em></span> <span class='ocrx_word' id='word_1_21' title='bbox 638 369 740 413; x_wconf 90' lang='lat' dir='ltr'><em>omnes</em></span> <span class='ocrx_word' id='word_1_22' title='bbox 758 354 866 429; x_wconf 87' lang='lat' dir='ltr'><em>peccati</em></span> <span class='ocrx_word' id='word_1_23' title='bbox 887 355 1045 431; x_wconf 89' lang='lat' dir='ltr'><em>reliquias,</em></span> <span class='ocrx_word' id='word_1_24' title='bbox 1066 355 1097 416; x_wconf 88' lang='lat' dir='ltr'><em>id</em></span> <span class='ocrx_word' id='word_1_25' title='bbox 1115 363 1161 418; x_wconf 83' lang='lat' dir='ltr'><em>est</em></span> 
     </span>
    </p>
   </div>
   <div class='ocr_carea' id='block_1_3' title="bbox 151 434 1248 518">
    <p class='ocr_par' dir='ltr' id='par_1_3' title="bbox 151 434 1248 518">
     <span class='ocr_line' id='line_1_4' title="bbox 151 434 1248 518; baseline 0.005 -21"><span class='ocrx_word' id='word_1_26' title='bbox 151 437 259 499; x_wconf 75' lang='lat' dir='ltr'><em>animas</em></span> <span class='ocrx_word' id='word_1_27' title='bbox 272 436 453 498; x_wconf 72' lang='lat' dir='ltr'><em>debitionem</em></span> <span class='ocrx_word' id='word_1_28' title='bbox 468 454 503 497; x_wconf 84' lang='lat' dir='ltr'><em>cx</em></span> <span class='ocrx_word' id='word_1_29' title='bbox 516 434 689 497; x_wconf 88' lang='lat' dir='ltr'><em>vulneribus</em></span> <span class='ocrx_word' id='word_1_30' title='bbox 707 436 816 514; x_wconf 85' lang='lat' dir='ltr'><em>peceati</em></span> <span class='ocrx_word' id='word_1_31' title='bbox 841 445 1007 515; x_wconf 80' lang='lat' dir='ltr'><em>causatam3</em></span> <span class='ocrx_word' id='word_1_32' title='bbox 1026 439 1157 518; x_wconf 85' lang='lat' dir='ltr'><em>idcireb‚</em></span> <span class='ocrx_word' id='word_1_33' title='bbox 1241 454 1248 460; x_wconf 84' lang='grc'><em>·</em></span> 
     </span>
    </p>
   </div>
   <div class='ocr_carea' id='block_1_4' title="bbox 149 519 1193 1023">
    <p class='ocr_par' dir='ltr' id='par_1_4' title="bbox 149 519 1193 1023">
     <span class='ocr_line' id='line_1_5' title="bbox 151 519 1160 600; baseline 0.004 -19"><span class='ocrx_word' id='word_1_34' title='bbox 151 522 289 600; x_wconf 81' lang='lat' dir='ltr'><em>quamvis</em></span> <span class='ocrx_word' id='word_1_35' title='bbox 305 519 422 580; x_wconf 88' lang='lat' dir='ltr'><em>habitus</em></span> <span class='ocrx_word' id='word_1_36' title='bbox 442 521 524 598; x_wconf 88' lang='lat' dir='ltr'><em>pravi</em></span> <span class='ocrx_word' id='word_1_37' title='bbox 539 520 571 580; x_wconf 90' lang='lat' dir='ltr'><em>in</em></span> <span class='ocrx_word' id='word_1_38' title='bbox 592 520 731 597; x_wconf 89' lang='lat' dir='ltr'><em>potentiis</em></span> <span class='ocrx_word' id='word_1_39' title='bbox 747 519 894 579; x_wconf 90' lang='lat' dir='ltr'><em>sensitivis</em></span> <span class='ocrx_word' id='word_1_40' title='bbox 909 538 969 581; x_wconf 91' lang='lat' dir='ltr'><em>non</em></span> <span class='ocrx_word' id='word_1_41' title='bbox 992 523 1160 597; x_wconf 87' lang='lat' dir='ltr'><em>tollantur,</em></span> 
     </span>
     <span class='ocr_line' id='line_1_6' title="bbox 150 604 1193 687; baseline 0.002 -19"><span class='ocrx_word' id='word_1_42' title='bbox 150 624 235 669; x_wconf 91' lang='lat' dir='ltr'><em>mens</em></span> <span class='ocrx_word' id='word_1_43' title='bbox 253 612 352 666; x_wconf 79' lang='lat' dir='ltr'><em>tamur</em></span> <span class='ocrx_word' id='word_1_44' title='bbox 363 623 399 664; x_wconf 82' lang='lat' dir='ltr'><em>ex</em></span> <span class='ocrx_word' id='word_1_45' title='bbox 414 605 515 687; x_wconf 80' lang='lat' dir='ltr'><em>rigore</em></span> <span class='ocrx_word' id='word_1_46' title='bbox 531 604 632 683; x_wconf 79' lang='lat' dir='ltr'><em>gratioe</em></span> <span class='ocrx_word' id='word_1_47' title='bbox 639 605 727 664; x_wconf 87' lang='lat' dir='ltr'><em>talem</em></span> <span class='ocrx_word' id='word_1_48' title='bbox 743 604 894 681; x_wconf 78' lang='lat' dir='ltr'>acquirere</span> <span class='ocrx_word' id='word_1_49' title='bbox 907 614 1002 683; x_wconf 89' lang='lat' dir='ltr'><em>potest</em></span> <span class='ocrx_word' id='word_1_50' title='bbox 1015 608 1158 686; x_wconf 78' lang='lat' dir='ltr'><em>vigorem,</em></span> <span class='ocrx_word' id='word_1_51' title='bbox 1190 641 1193 649; x_wconf 92' lang='lat'>·</span> 
     </span>
     <span class='ocr_line' id='line_1_7' title="bbox 149 686 1158 773; baseline 0.003 -24"><span class='ocrx_word' id='word_1_52' title='bbox 149 698 190 771; x_wconf 81' lang='lat' dir='ltr'><em>ut¹</em></span> <span class='ocrx_word' id='word_1_53' title='bbox 197 690 257 750; x_wconf 89' lang='lat' dir='ltr'><em>illis</em></span> <span class='ocrx_word' id='word_1_54' title='bbox 267 687 351 750; x_wconf 78' lang='lat' dir='ltr'><em>facile</em></span> <span class='ocrx_word' id='word_1_55' title='bbox 369 687 495 749; x_wconf 76' lang='lat' dir='ltr'><strong>resistat.</strong></span> <span class='ocrx_word' id='word_1_56' title='bbox 512 689 573 748; x_wconf 92' lang='lat' dir='ltr'><em>lloc</em></span> <span class='ocrx_word' id='word_1_57' title='bbox 593 687 692 748; x_wconf 89' lang='lat' dir='ltr'><em>docuit</em></span> <span class='ocrx_word' id='word_1_58' title='bbox 711 686 789 747; x_wconf 86' lang='lat' dir='ltr'><em>idem</em></span> <span class='ocrx_word' id='word_1_59' title='bbox 808 690 850 748; x_wconf 90' lang='lat' dir='ltr'><em>D.</em></span> <span class='ocrx_word' id='word_1_60' title='bbox 871 687 925 749; x_wconf 84' lang='lat' dir='ltr'><em>Tb.</em></span> <span class='ocrx_word' id='word_1_61' title='bbox 936 686 1088 771; x_wconf 80' lang='lat' dir='ltr'><em>Supplcm.</em></span> <span class='ocrx_word' id='word_1_62' title='bbox 1104 710 1158 773; x_wconf 82' lang='lat' dir='ltr'><em>qu.</em></span> 
     </span>
     <span class='ocr_line' id='line_1_8' title="bbox 149 767 1159 853; baseline 0.003 -19"><span class='ocrx_word' id='word_1_63' title='bbox 149 775 202 835; x_wconf 82' lang='lat'><em>¹50.</em></span> <span class='ocrx_word' id='word_1_64' title='bbox 219 778 278 837; x_wconf 85' lang='lat' dir='ltr'><em>art.</em></span> <span class='ocrx_word' id='word_1_65' title='bbox 289 775 318 832; x_wconf 90' lang='lat' dir='ltr'><em>l.</em></span> <span class='ocrx_word' id='word_1_66' title='bbox 331 771 382 834; x_wconf 87' lang='lat' dir='ltr'><em>od.</em></span> <span class='ocrx_word' id='word_1_67' title='bbox 396 774 426 832; x_wconf 75' lang='lat'><em>2.</em></span> <span class='ocrx_word' id='word_1_68' title='bbox 439 771 558 831; x_wconf 87' lang='lat' dir='ltr'><em>dicens:</em></span> <span class='ocrx_word' id='word_1_69' title='bbox 573 767 714 852; x_wconf 82' lang='lat' dir='ltr'><em>Reliqoioe</em></span> <span class='ocrx_word' id='word_1_70' title='bbox 732 780 831 832; x_wconf 80' lang='lat' dir='ltr'><em>cortem</em></span> <span class='ocrx_word' id='word_1_71' title='bbox 843 771 955 853; x_wconf 85' lang='lat' dir='ltr'><em>peccati</em></span> <span class='ocrx_word' id='word_1_72' title='bbox 973 792 1034 834; x_wconf 84' lang='lat' dir='ltr'><em>non</em></span> <span class='ocrx_word' id='word_1_73' title='bbox 1055 774 1159 837; x_wconf 80' lang='lat' dir='ltr'><em>dieun-</em></span> 
     </span>
     <span class='ocr_line' id='line_1_9' title="bbox 151 852 1160 941; baseline 0.005 -25"><span class='ocrx_word' id='word_1_74' title='bbox 151 863 205 917; x_wconf 83' lang='lat' dir='ltr'><em>tor</em></span> <span class='ocrx_word' id='word_1_75' title='bbox 226 852 488 937; x_wconf 83' lang='lat' dir='ltr'><em>biodispositiones</em></span> <span class='ocrx_word' id='word_1_76' title='bbox 510 874 547 914; x_wconf 79' lang='lat' dir='ltr'><em>es</em></span> <span class='ocrx_word' id='word_1_77' title='bbox 572 853 685 916; x_wconf 84' lang='lat' dir='ltr'><em>cetibus</em></span> <span class='ocrx_word' id='word_1_78' title='bbox 708 853 833 932; x_wconf 81' lang='lat' dir='ltr'><em>relicte,</em></span> <span class='ocrx_word' id='word_1_79' title='bbox 853 873 920 938; x_wconf 82' lang='lat' dir='ltr'><em>qoae</em></span> <span class='ocrx_word' id='word_1_80' title='bbox 944 866 1015 918; x_wconf 83' lang='lat' dir='ltr'><em>sunt</em></span> <span class='ocrx_word' id='word_1_81' title='bbox 1038 857 1160 941; x_wconf 79' lang='lat' dir='ltr'><em>quidam</em></span> 
     </span>
     <span class='ocr_line' id='line_1_10' title="bbox 150 937 1161 1023; baseline 0.002 -21"><span class='ocrx_word' id='word_1_82' title='bbox 150 937 272 1002; x_wconf 82' lang='lat' dir='ltr'><em>babitus</em></span> <span class='ocrx_word' id='word_1_83' title='bbox 288 939 438 1015; x_wconf 78' lang='lat' dir='ltr'><em>inobooti3</em></span> <span class='ocrx_word' id='word_1_84' title='bbox 455 937 506 1000; x_wconf 85' lang='lat' dir='ltr'><em>scd</em></span> <span class='ocrx_word' id='word_1_85' title='bbox 533 937 670 1017; x_wconf 64' lang='lat' dir='ltr'><em>quem</em></span> <span class='ocrx_word' id='word_1_86' title='bbox 692 938 858 1021; x_wconf 79' lang='lat' dir='ltr'><em>spiritualis</em></span> <span class='ocrx_word' id='word_1_87' title='bbox 881 938 1016 1004; x_wconf 71' lang='lat' dir='ltr'><em>debilitas</em></span> <span class='ocrx_word' id='word_1_88' title='bbox 1035 943 1070 1004; x_wconf 88' lang='lat' dir='ltr'><em>in</em></span> <span class='ocrx_word' id='word_1_89' title='bbox 1092 943 1161 1023; x_wconf 83' lang='lat' dir='ltr'><em>ipse</em></span> 
     </span>
    </p>
   </div>
   <div class='ocr_carea' id='block_1_5' title="bbox 34 1021 1160 1103">
    <p class='ocr_par' dir='ltr' id='par_1_5' title="bbox 34 1021 1160 1103">
     <span class='ocr_line' id='line_1_11' title="bbox 34 1021 1160 1103; baseline 0.008 -20"><span class='ocrx_word' id='word_1_90' title='bbox 34 1048 39 1059; x_wconf 91' lang='lat'><strong>·</strong></span> <span class='ocrx_word' id='word_1_91' title='bbox 149 1030 246 1084; x_wconf 79' lang='lat' dir='ltr'><em>mente</em></span> <span class='ocrx_word' id='word_1_92' title='bbox 258 1023 407 1100; x_wconf 75' lang='lat' dir='ltr'><em>cristecs5</em></span> <span class='ocrx_word' id='word_1_93' title='bbox 425 1028 487 1103; x_wconf 82' lang='lat' dir='ltr'><em>qud</em></span> <span class='ocrx_word' id='word_1_94' title='bbox 501 1021 638 1100; x_wconf 80' lang='lat' dir='ltr'><em>sublato,</em></span> <span class='ocrx_word' id='word_1_95' title='bbox 658 1024 747 1084; x_wconf 86' lang='lat' dir='ltr'><em>etiam</em></span> <span class='ocrx_word' id='word_1_96' title='bbox 759 1023 865 1085; x_wconf 85' lang='lat' dir='ltr'><em>eisdem</em></span> <span class='ocrx_word' id='word_1_97' title='bbox 878 1024 1024 1088; x_wconf 85' lang='lat' dir='ltr'><em>bobittbcs</em></span> <span class='ocrx_word' id='word_1_98' title='bbox 1044 1025 1160 1092; x_wconf 85' lang='lat' dir='ltr'><em>coldis-</em></span> 
     </span>
    </p>
   </div>
   <div class='ocr_carea' id='block_1_6' title="bbox 131 1107 1161 3623">
    <p class='ocr_par' dir='ltr' id='par_1_6' title="bbox 131 1107 1161 1770">
     <span class='ocr_line' id='line_1_12' title="bbox 148 1107 1161 1190; baseline 0.004 -20"><span class='ocrx_word' id='word_1_99' title='bbox 148 1107 346 1190; x_wconf 72' lang='lat' dir='ltr'><em>positionibus</em></span> <span class='ocrx_word' id='word_1_100' title='bbox 363 1107 570 1182; x_wconf 83' lang='lat' dir='ltr'><em>monentibus,</em></span> <span class='ocrx_word' id='word_1_101' title='bbox 597 1126 658 1169; x_wconf 84' lang='lat' dir='ltr'><em>oon</em></span> <span class='ocrx_word' id='word_1_102' title='bbox 682 1108 726 1168; x_wconf 87' lang='lat' dir='ltr'><em>ita</em></span> <span class='ocrx_word' id='word_1_103' title='bbox 745 1117 840 1190; x_wconf 86' lang='lat' dir='ltr'><em>potest</em></span> <span class='ocrx_word' id='word_1_104' title='bbox 857 1108 997 1172; x_wconf 86' lang='lat' dir='ltr'><em>inclinari</em></span> <span class='ocrx_word' id='word_1_105' title='bbox 1016 1129 1098 1174; x_wconf 84' lang='lat' dir='ltr'><em>mens</em></span> <span class='ocrx_word' id='word_1_106' title='bbox 1119 1109 1161 1174; x_wconf 87' lang='lat' dir='ltr'><em>ad</em></span> 
     </span>
     <span class='ocr_line' id='line_1_13' title="bbox 148 1192 1159 1276; baseline 0.007 -24"><span class='ocrx_word' id='word_1_107' title='bbox 148 1200 311 1275; x_wconf 78' lang='lat' dir='ltr'><em>peccatum.</em></span> <span class='ocrx_word' id='word_1_108' title='bbox 324 1194 411 1255; x_wconf 88' lang='lat' dir='ltr'><em>Nulla</em></span> <span class='ocrx_word' id='word_1_109' title='bbox 435 1193 528 1272; x_wconf 77' lang='lat' dir='ltr'><em>igitur</em></span> <span class='ocrx_word' id='word_1_110' title='bbox 543 1194 593 1254; x_wconf 84' lang='lat' dir='ltr'><em>tali</em></span> <span class='ocrx_word' id='word_1_111' title='bbox 616 1192 771 1253; x_wconf 87' lang='lat' dir='ltr'><em>habituato</em></span> <span class='ocrx_word' id='word_1_112' title='bbox 788 1193 845 1253; x_wconf 89' lang='lat' dir='ltr'><em>erit</em></span> <span class='ocrx_word' id='word_1_113' title='bbox 869 1197 1023 1257; x_wconf 75' lang='lat' dir='ltr'><em>necessitas</em></span> <span class='ocrx_word' id='word_1_114' title='bbox 1044 1197 1159 1276; x_wconf 82' lang='lat' dir='ltr'><em>experi-</em></span> 
     </span>
     <span class='ocr_line' id='line_1_14' title="bbox 150 1276 1159 1357; baseline 0.008 -20"><span class='ocrx_word' id='word_1_115' title='bbox 150 1277 265 1350; x_wconf 83' lang='lat' dir='ltr'><em>menti,</em></span> <span class='ocrx_word' id='word_1_116' title='bbox 279 1276 357 1356; x_wconf 88' lang='lat' dir='ltr'><em>quod</em></span> <span class='ocrx_word' id='word_1_117' title='bbox 377 1293 438 1338; x_wconf 88' lang='lat' dir='ltr'><em>non</em></span> <span class='ocrx_word' id='word_1_118' title='bbox 451 1278 633 1357; x_wconf 86' lang='lat' dir='ltr'><em>requiritur,</em></span> <span class='ocrx_word' id='word_1_119' title='bbox 655 1278 711 1337; x_wconf 90' lang='lat' dir='ltr'><em>nisi</em></span> <span class='ocrx_word' id='word_1_120' title='bbox 729 1287 762 1338; x_wconf 93' lang='lat' dir='ltr'><em>ut</em></span> <span class='ocrx_word' id='word_1_121' title='bbox 780 1277 916 1339; x_wconf 88' lang='lat' dir='ltr'><em>debilitas</em></span> <span class='ocrx_word' id='word_1_122' title='bbox 925 1279 1032 1341; x_wconf 84' lang='lat' dir='ltr'><em>animos</em></span> <span class='ocrx_word' id='word_1_123' title='bbox 1048 1300 1084 1341; x_wconf 84' lang='lat' dir='ltr'><em>ex</em></span> <span class='ocrx_word' id='word_1_124' title='bbox 1096 1303 1159 1345; x_wconf 89' lang='lat' dir='ltr'><em>ma·</em></span> 
     </span>
     <span class='ocr_line' id='line_1_15' title="bbox 151 1360 1160 1441; baseline 0.005 -17"><span class='ocrx_word' id='word_1_125' title='bbox 151 1362 189 1425; x_wconf 90' lang='lat' dir='ltr'><em>lis</em></span> <span class='ocrx_word' id='word_1_126' title='bbox 199 1360 348 1422; x_wconf 86' lang='lat' dir='ltr'><em>habitibus</em></span> <span class='ocrx_word' id='word_1_127' title='bbox 358 1369 505 1422; x_wconf 88' lang='lat' dir='ltr'><em>contracta</em></span> <span class='ocrx_word' id='word_1_128' title='bbox 521 1369 655 1434; x_wconf 88' lang='lat' dir='ltr'><em>sanetur,</em></span> <span class='ocrx_word' id='word_1_129' title='bbox 670 1370 700 1421; x_wconf 89' lang='lat' dir='ltr'><em>et</em></span> <span class='ocrx_word' id='word_1_130' title='bbox 718 1364 815 1440; x_wconf 87' lang='lat' dir='ltr'><em>pravis</em></span> <span class='ocrx_word' id='word_1_131' title='bbox 827 1362 1067 1441; x_wconf 89' lang='lat' dir='ltr'><em>dispositionibus</em></span> <span class='ocrx_word' id='word_1_132' title='bbox 1076 1367 1160 1429; x_wconf 78' lang='lat' dir='ltr'><em>iacilb</em></span> 
     </span>
     <span class='ocr_line' id='line_1_16' title="bbox 131 1443 1160 1526; baseline 0.002 -15"><span class='ocrx_word' id='word_1_133' title='bbox 131 1444 285 1520; x_wconf 80' lang='lat' dir='ltr'><em>resistat,</em></span> <span class='ocrx_word' id='word_1_134' title='bbox 300 1444 368 1507; x_wconf 81' lang='lat' dir='ltr'><em>eum</em></span> <span class='ocrx_word' id='word_1_135' title='bbox 386 1443 442 1506; x_wconf 90' lang='lat' dir='ltr'><em>hoc</em></span> <span class='ocrx_word' id='word_1_136' title='bbox 467 1447 545 1506; x_wconf 87' lang='lat' dir='ltr'><em>idem</em></span> <span class='ocrx_word' id='word_1_137' title='bbox 563 1465 599 1507; x_wconf 85' lang='lat' dir='ltr'><em>ex</em></span> <span class='ocrx_word' id='word_1_138' title='bbox 620 1449 721 1525; x_wconf 81' lang='lat' dir='ltr'><em>vigore</em></span> <span class='ocrx_word' id='word_1_139' title='bbox 741 1447 842 1524; x_wconf 77' lang='lat' dir='ltr'><em>gratie</em></span> <span class='ocrx_word' id='word_1_140' title='bbox 862 1447 887 1507; x_wconf 92' lang='lat' dir='ltr'><em>is</em></span> <span class='ocrx_word' id='word_1_141' title='bbox 900 1447 1004 1526; x_wconf 78' lang='lat' dir='ltr'><em>oeque,</em></span> <span class='ocrx_word' id='word_1_142' title='bbox 1027 1457 1059 1510; x_wconf 90' lang='lat' dir='ltr'><em>et</em></span> <span class='ocrx_word' id='word_1_143' title='bbox 1083 1448 1160 1514; x_wconf 72' lang='lat' dir='ltr'><em>lorti</em></span> 
     </span>
     <span class='ocr_line' id='line_1_17' title="bbox 147 1529 1159 1615; baseline 0.003 -23"><span class='ocrx_word' id='word_1_144' title='bbox 147 1529 267 1592; x_wconf 80' lang='lat' dir='ltr'><em>virilius</em></span> <span class='ocrx_word' id='word_1_145' title='bbox 277 1529 400 1608; x_wconf 80' lang='lat' dir='ltr'><em>adeptus</em></span> <span class='ocrx_word' id='word_1_146' title='bbox 412 1531 501 1591; x_wconf 87' lang='lat' dir='ltr'><em>luisse</em></span> <span class='ocrx_word' id='word_1_147' title='bbox 513 1531 704 1609; x_wconf 76' lang='lat' dir='ltr'><em>comperitur.</em></span> <span class='ocrx_word' id='word_1_148' title='bbox 716 1529 805 1590; x_wconf 73' lang='lat' dir='ltr'><em>Raetia</em></span> <span class='ocrx_word' id='word_1_149' title='bbox 815 1532 893 1591; x_wconf 88' lang='lat' dir='ltr'><em>cuim</em></span> <span class='ocrx_word' id='word_1_150' title='bbox 905 1533 976 1593; x_wconf 88' lang='lat' dir='ltr'><em>dicit</em></span> <span class='ocrx_word' id='word_1_151' title='bbox 985 1534 1016 1594; x_wconf 87' lang='lat' dir='ltr'><em>S.</em></span> <span class='ocrx_word' id='word_1_152' title='bbox 1034 1533 1159 1615; x_wconf 75' lang='lat' dir='ltr'><em>Cypria·</em></span> 
     </span>
     <span class='ocr_line' id='line_1_18' title="bbox 148 1613 1159 1699; baseline 0.005 -20"><span class='ocrx_word' id='word_1_153' title='bbox 148 1632 209 1679; x_wconf 80' lang='lat' dir='ltr'><em>ntes</em></span> <span class='ocrx_word' id='word_1_154' title='bbox 222 1636 234 1676; x_wconf 92' lang='lat'><em>.·</em></span> <span class='ocrx_word' id='word_1_155' title='bbox 245 1616 316 1676; x_wconf 85' lang='lat' dir='ltr'><em>Non</em></span> <span class='ocrx_word' id='word_1_156' title='bbox 331 1622 677 1695; x_wconf 63' lang='lat' dir='ltr'><em>promontoriorum,</em></span> <span class='ocrx_word' id='word_1_157' title='bbox 696 1613 747 1676; x_wconf 85' lang='lat' dir='ltr'><em>sed</em></span> <span class='ocrx_word' id='word_1_158' title='bbox 762 1615 929 1698; x_wconf 85' lang='lat' dir='ltr'><em>compendio</em></span> <span class='ocrx_word' id='word_1_159' title='bbox 943 1618 1050 1699; x_wconf 63' lang='lat' dir='ltr'><em>oratioe</em></span> <span class='ocrx_word' id='word_1_160' title='bbox 1060 1628 1159 1684; x_wconf 82' lang='lat' dir='ltr'><em>motu·</em></span> 
     </span>
     <span class='ocr_line' id='line_1_19' title="bbox 147 1695 723 1770; baseline -0.002 -9"><span class='ocrx_word' id='word_1_161' title='bbox 147 1706 239 1761; x_wconf 83' lang='lat' dir='ltr'><em>rotor</em></span> <span class='ocrx_word' id='word_1_162' title='bbox 251 1695 404 1770; x_wconf 67' lang='lat' dir='ltr'><em>ebaritas.</em></span> <span class='ocrx_word' id='word_1_163' title='bbox 721 1744 723 1749; x_wconf 82' lang='lat'><em>-</em></span> 
     </span>
    </p>

    <p class='ocr_par' dir='ltr' id='par_1_7' title="bbox 147 1782 1161 3623">
     <span class='ocr_line' id='line_1_20' title="bbox 188 1782 1157 1862; baseline 0.008 -17"><span class='ocrx_word' id='word_1_164' title='bbox 188 1784 356 1846; x_wconf 79' lang='lat' dir='ltr'><em>ll.-Nou</em></span> <span class='ocrx_word' id='word_1_165' title='bbox 367 1782 487 1860; x_wconf 89' lang='lat' dir='ltr'><em>quidem</em></span> <span class='ocrx_word' id='word_1_166' title='bbox 496 1782 663 1862; x_wconf 83' lang='lat' dir='ltr'><em>negandum</em></span> <span class='ocrx_word' id='word_1_167' title='bbox 676 1782 844 1861; x_wconf 82' lang='lat' dir='ltr'><em>hujusmodi</em></span> <span class='ocrx_word' id='word_1_168' title='bbox 855 1786 1058 1850; x_wconf 81' lang='lat' dir='ltr'><em>conversiones</em></span> <span class='ocrx_word' id='word_1_169' title='bbox 1067 1798 1157 1853; x_wconf 82' lang='lat' dir='ltr'><em>extra·</em></span> 
     </span>
     <span class='ocr_line' id='line_1_21' title="bbox 150 1865 1158 1945; baseline 0.007 -15"><span class='ocrx_word' id='word_1_170' title='bbox 150 1865 316 1930; x_wconf 88' lang='lat' dir='ltr'><em>ordinarias</em></span> <span class='ocrx_word' id='word_1_171' title='bbox 331 1882 411 1939; x_wconf 77' lang='lat' dir='ltr'><em>esse,</em></span> <span class='ocrx_word' id='word_1_172' title='bbox 434 1865 573 1944; x_wconf 79' lang='lat' dir='ltr'><em>uecsoepb</em></span> <span class='ocrx_word' id='word_1_173' title='bbox 591 1868 709 1927; x_wconf 89' lang='lat' dir='ltr'><em>evenire</em></span> <span class='ocrx_word' id='word_1_174' title='bbox 725 1911 733 1937; x_wconf 88' lang='lat'><strong>‚</strong></span> <span class='ocrx_word' id='word_1_175' title='bbox 756 1885 852 1945; x_wconf 89' lang='lat' dir='ltr'><em>neque</em></span> <span class='ocrx_word' id='word_1_176' title='bbox 866 1871 954 1929; x_wconf 88' lang='lat' dir='ltr'><em>etiam</em></span> <span class='ocrx_word' id='word_1_177' title='bbox 966 1871 997 1930; x_wconf 91' lang='lat' dir='ltr'><em>in</em></span> <span class='ocrx_word' id='word_1_178' title='bbox 1013 1876 1158 1936; x_wconf 85' lang='lat' dir='ltr'><em>exercitiis</em></span> 
     </span>
     <span class='ocr_line' id='line_1_22' title="bbox 147 1949 1158 2036; baseline 0.006 -25"><span class='ocrx_word' id='word_1_179' title='bbox 147 1950 369 2030; x_wconf 70' lang='lat' dir='ltr'><em>spiritualibus,</em></span> <span class='ocrx_word' id='word_1_180' title='bbox 389 1967 456 2028; x_wconf 79' lang='lat' dir='ltr'><em>quae</em></span> <span class='ocrx_word' id='word_1_181' title='bbox 476 1949 622 2010; x_wconf 81' lang='lat' dir='ltr'><em>adsueras</em></span> <span class='ocrx_word' id='word_1_182' title='bbox 644 1949 763 2010; x_wconf 84' lang='lat' dir='ltr'><em>ordines</em></span> <span class='ocrx_word' id='word_1_183' title='bbox 784 1952 924 2028; x_wconf 71' lang='lat' dir='ltr'><em>proemitti</em></span> <span class='ocrx_word' id='word_1_184' title='bbox 948 1953 1062 2031; x_wconf 81' lang='lat' dir='ltr'><em>solent3</em></span> <span class='ocrx_word' id='word_1_185' title='bbox 1083 1975 1158 2036; x_wconf 90' lang='lat' dir='ltr'><em>quo-</em></span> 
     </span>
     <span class='ocr_line' id='line_1_23' title="bbox 148 2031 1157 2113; baseline 0.006 -17"><span class='ocrx_word' id='word_1_186' title='bbox 148 2037 231 2096; x_wconf 88' lang='lat' dir='ltr'><em>niam</em></span> <span class='ocrx_word' id='word_1_187' title='bbox 247 2031 422 2112; x_wconf 83' lang='lat' dir='ltr'><em>plerbmque</em></span> <span class='ocrx_word' id='word_1_188' title='bbox 438 2033 474 2097; x_wconf 79' lang='lat' dir='ltr'><em>ed</em></span> <span class='ocrx_word' id='word_1_189' title='bbox 494 2032 664 2110; x_wconf 87' lang='lat' dir='ltr'><em>hujusmodi</em></span> <span class='ocrx_word' id='word_1_190' title='bbox 692 2034 829 2094; x_wconf 87' lang='lat' dir='ltr'><em>exercitia</em></span> <span class='ocrx_word' id='word_1_191' title='bbox 852 2037 1044 2113; x_wconf 88' lang='lat' dir='ltr'><em>promovendi</em></span> <span class='ocrx_word' id='word_1_192' title='bbox 1065 2043 1157 2103; x_wconf 87' lang='lat' dir='ltr'><em>eoacti</em></span> 
     </span>
     <span class='ocr_line' id='line_1_24' title="bbox 149 2116 1157 2196; baseline 0.003 -15"><span class='ocrx_word' id='word_1_193' title='bbox 149 2118 303 2181; x_wconf 82' lang='lat' dir='ltr'><em>accedunt.</em></span> <span class='ocrx_word' id='word_1_194' title='bbox 314 2116 442 2196; x_wconf 82' lang='lat' dir='ltr'><em>ldebque</em></span> <span class='ocrx_word' id='word_1_195' title='bbox 454 2118 511 2178; x_wconf 89' lang='lat' dir='ltr'><em>alia</em></span> <span class='ocrx_word' id='word_1_196' title='bbox 531 2116 760 2178; x_wconf 76' lang='lat' dir='ltr'><em>extraordinaria</em></span> <span class='ocrx_word' id='word_1_197' title='bbox 774 2118 855 2196; x_wconf 77' lang='lat' dir='ltr'><em>signa</em></span> <span class='ocrx_word' id='word_1_198' title='bbox 868 2118 955 2179; x_wconf 90' lang='lat' dir='ltr'><em>debet</em></span> <span class='ocrx_word' id='word_1_199' title='bbox 968 2122 1157 2184; x_wconf 85' lang='lat' dir='ltr'><em>confessarius</em></span> 
     </span>
     <span class='ocr_line' id='line_1_25' title="bbox 149 2200 1156 2280; baseline 0.004 -17"><span class='ocrx_word' id='word_1_200' title='bbox 149 2205 183 2264; x_wconf 91' lang='lat' dir='ltr'><em>in</em></span> <span class='ocrx_word' id='word_1_201' title='bbox 193 2219 247 2263; x_wconf 92' lang='lat' dir='ltr'><em>suo</em></span> <span class='ocrx_word' id='word_1_202' title='bbox 261 2202 424 2280; x_wconf 85' lang='lat' dir='ltr'><em>poeuitente</em></span> <span class='ocrx_word' id='word_1_203' title='bbox 440 2219 613 2280; x_wconf 78' lang='lat' dir='ltr'><em>agnoscere,</em></span> <span class='ocrx_word' id='word_1_204' title='bbox 630 2210 664 2269; x_wconf 88' lang='lat' dir='ltr'><em>ut</em></span> <span class='ocrx_word' id='word_1_205' title='bbox 685 2201 711 2261; x_wconf 89' lang='lat' dir='ltr'><em>ei</em></span> <span class='ocrx_word' id='word_1_206' title='bbox 729 2200 766 2259; x_wconf 88' lang='lat' dir='ltr'><em>ad</em></span> <span class='ocrx_word' id='word_1_207' title='bbox 780 2216 895 2261; x_wconf 86' lang='lat' dir='ltr'><em>sacrum</em></span> <span class='ocrx_word' id='word_1_208' title='bbox 909 2200 1044 2263; x_wconf 87' lang='lat' dir='ltr'><em>ordinem</em></span> <span class='ocrx_word' id='word_1_209' title='bbox 1056 2223 1156 2267; x_wconf 87' lang='lat' dir='ltr'><em>ascen·</em></span> 
     </span>
     <span class='ocr_line' id='line_1_26' title="bbox 148 2282 1156 2364; baseline 0.003 -17"><span class='ocrx_word' id='word_1_210' title='bbox 148 2286 221 2348; x_wconf 83' lang='lat' dir='ltr'><em>dere</em></span> <span class='ocrx_word' id='word_1_211' title='bbox 236 2287 398 2364; x_wconf 85' lang='lat' dir='ltr'><em>permittat.</em></span> <span class='ocrx_word' id='word_1_212' title='bbox 408 2285 493 2360; x_wconf 85' lang='lat' dir='ltr'><em>Qubd</em></span> <span class='ocrx_word' id='word_1_213' title='bbox 518 2287 541 2345; x_wconf 92' lang='lat' dir='ltr'><em>si</em></span> <span class='ocrx_word' id='word_1_214' title='bbox 559 2285 734 2364; x_wconf 83' lang='lat' dir='ltr'><em>quandoque</em></span> <span class='ocrx_word' id='word_1_215' title='bbox 747 2282 828 2363; x_wconf 80' lang='lat' dir='ltr'><em>(licto</em></span> <span class='ocrx_word' id='word_1_216' title='bbox 847 2283 926 2363; x_wconf 77' lang='lat' dir='ltr'><em>rarb)</em></span> <span class='ocrx_word' id='word_1_217' title='bbox 943 2286 1013 2346; x_wconf 85' lang='lat' dir='ltr'><em>tales</em></span> <span class='ocrx_word' id='word_1_218' title='bbox 1034 2306 1156 2350; x_wconf 86' lang='lat' dir='ltr'><em>eonver-</em></span> 
     </span>
     <span class='ocr_line' id='line_1_27' title="bbox 148 2367 1156 2452; baseline 0.003 -21"><span class='ocrx_word' id='word_1_219' title='bbox 148 2367 247 2433; x_wconf 87' lang='lat' dir='ltr'><em>siones</em></span> <span class='ocrx_word' id='word_1_220' title='bbox 261 2369 499 2431; x_wconf 73' lang='lat' dir='ltr'><em>extraordinarie</em></span> <span class='ocrx_word' id='word_1_221' title='bbox 519 2369 673 2444; x_wconf 78' lang='lat' dir='ltr'><em>socidant3</em></span> <span class='ocrx_word' id='word_1_222' title='bbox 692 2369 773 2429; x_wconf 85' lang='lat' dir='ltr'><em>nulla</em></span> <span class='ocrx_word' id='word_1_223' title='bbox 799 2376 879 2452; x_wconf 75' lang='lat' dir='ltr'><em>patet</em></span> <span class='ocrx_word' id='word_1_224' title='bbox 895 2368 988 2443; x_wconf 87' lang='lat' dir='ltr'><em>ratio,</em></span> <span class='ocrx_word' id='word_1_225' title='bbox 1002 2388 1056 2431; x_wconf 89' lang='lat' dir='ltr'><em>cur</em></span> <span class='ocrx_word' id='word_1_226' title='bbox 1068 2371 1099 2431; x_wconf 91' lang='lat' dir='ltr'><em>in</em></span> <span class='ocrx_word' id='word_1_227' title='bbox 1121 2391 1156 2434; x_wconf 89' lang='lat' dir='ltr'><em>co</em></span> 
     </span>
     <span class='ocr_line' id='line_1_28' title="bbox 149 2451 1158 2532; baseline 0.005 -17"><span class='ocrx_word' id='word_1_228' title='bbox 149 2471 218 2515; x_wconf 87' lang='lat' dir='ltr'><em>casu</em></span> <span class='ocrx_word' id='word_1_229' title='bbox 239 2454 332 2532; x_wconf 79' lang='lat' dir='ltr'><em>magis</em></span> <span class='ocrx_word' id='word_1_230' title='bbox 353 2453 526 2532; x_wconf 89' lang='lat' dir='ltr'><em>dispositum</em></span> <span class='ocrx_word' id='word_1_231' title='bbox 540 2453 576 2512; x_wconf 88' lang='lat' dir='ltr'><em>ad</em></span> <span class='ocrx_word' id='word_1_232' title='bbox 605 2452 722 2513; x_wconf 88' lang='lat' dir='ltr'><em>ordines</em></span> <span class='ocrx_word' id='word_1_233' title='bbox 743 2451 941 2529; x_wconf 86' lang='lat' dir='ltr'><em>suscipiendos</em></span> <span class='ocrx_word' id='word_1_234' title='bbox 964 2456 1158 2532; x_wconf 73' lang='lat' dir='ltr'><em>penitentem</em></span> 
     </span>
     <span class='ocr_line' id='line_1_29' title="bbox 150 2535 1156 2618; baseline 0 -15"><span class='ocrx_word' id='word_1_235' title='bbox 150 2540 268 2607; x_wconf 70' lang='lat' dir='ltr'><em>evincat</em></span> <span class='ocrx_word' id='word_1_236' title='bbox 282 2539 363 2618; x_wconf 76' lang='lat' dir='ltr'><em>longi</em></span> <span class='ocrx_word' id='word_1_237' title='bbox 375 2539 516 2616; x_wconf 80' lang='lat' dir='ltr'><em>temporis</em></span> <span class='ocrx_word' id='word_1_238' title='bbox 532 2537 688 2618; x_wconf 84' lang='lat' dir='ltr'><em>probatio,</em></span> <span class='ocrx_word' id='word_1_239' title='bbox 709 2535 796 2615; x_wconf 80' lang='lat' dir='ltr'><em>quim</em></span> <span class='ocrx_word' id='word_1_240' title='bbox 811 2537 963 2599; x_wconf 84' lang='lat' dir='ltr'><em>manifesta</em></span> <span class='ocrx_word' id='word_1_241' title='bbox 983 2539 1077 2600; x_wconf 89' lang='lat' dir='ltr'><em>cordis</em></span> <span class='ocrx_word' id='word_1_242' title='bbox 1088 2560 1156 2603; x_wconf 83' lang='lat' dir='ltr'><em>vera</em></span> 
     </span>
     <span class='ocr_line' id='line_1_30' title="bbox 149 2619 1156 2701; baseline 0.003 -16"><span class='ocrx_word' id='word_1_243' title='bbox 149 2632 181 2686; x_wconf 91' lang='lat' dir='ltr'><em>et</em></span> <span class='ocrx_word' id='word_1_244' title='bbox 197 2622 354 2687; x_wconf 81' lang='lat' dir='ltr'><em>vehemens</em></span> <span class='ocrx_word' id='word_1_245' title='bbox 376 2624 534 2695; x_wconf 86' lang='lat' dir='ltr'><em>contritio,</em></span> <span class='ocrx_word' id='word_1_246' title='bbox 548 2641 582 2682; x_wconf 82' lang='lat' dir='ltr'><em>se</em></span> <span class='ocrx_word' id='word_1_247' title='bbox 596 2624 732 2683; x_wconf 80' lang='lat' dir='ltr'><em>voluntas</em></span> <span class='ocrx_word' id='word_1_248' title='bbox 758 2619 830 2682; x_wconf 87' lang='lat' dir='ltr'><em>adeb</em></span> <span class='ocrx_word' id='word_1_249' title='bbox 846 2620 952 2697; x_wconf 87' lang='lat' dir='ltr'><em>firma,</em></span> <span class='ocrx_word' id='word_1_250' title='bbox 969 2641 1035 2701; x_wconf 79' lang='lat' dir='ltr'><em>que</em></span> <span class='ocrx_word' id='word_1_251' title='bbox 1055 2626 1156 2688; x_wconf 84' lang='lat' dir='ltr'><em>innixa</em></span> 
     </span>
     <span class='ocr_line' id='line_1_31' title="bbox 149 2702 1161 2788; baseline 0.003 -19"><span class='ocrx_word' id='word_1_252' title='bbox 149 2725 203 2788; x_wconf 84' lang='lat' dir='ltr'><em>spe</em></span> <span class='ocrx_word' id='word_1_253' title='bbox 214 2707 385 2769; x_wconf 84' lang='lat' dir='ltr'><em>divinorum</em></span> <span class='ocrx_word' id='word_1_254' title='bbox 400 2706 576 2766; x_wconf 83' lang='lat' dir='ltr'><em>auxiliorum</em></span> <span class='ocrx_word' id='word_1_255' title='bbox 587 2749 595 2777; x_wconf 89' lang='lat'>‚</span> <span class='ocrx_word' id='word_1_256' title='bbox 606 2702 751 2785; x_wconf 74' lang='lat' dir='ltr'><em>precipui</em></span> <span class='ocrx_word' id='word_1_257' title='bbox 760 2705 915 2766; x_wconf 88' lang='lat' dir='ltr'><em>actualium</em></span> <span class='ocrx_word' id='word_1_258' title='bbox 928 2751 936 2781; x_wconf 87' lang='lat'>‚</span> <span class='ocrx_word' id='word_1_259' title='bbox 953 2709 1057 2785; x_wconf 87' lang='lat' dir='ltr'><em>quaein</em></span> <span class='ocrx_word' id='word_1_260' title='bbox 1068 2729 1161 2773; x_wconf 86' lang='lat' dir='ltr'><em>saera·</em></span> 
     </span>
     <span class='ocr_line' id='line_1_32' title="bbox 147 2788 1153 2868; baseline 0.001 -14"><span class='ocrx_word' id='word_1_261' title='bbox 147 2799 250 2854; x_wconf 86' lang='lat' dir='ltr'><em>mento</em></span> <span class='ocrx_word' id='word_1_262' title='bbox 256 2790 368 2852; x_wconf 86' lang='lat' dir='ltr'><em>ordinis</em></span> <span class='ocrx_word' id='word_1_263' title='bbox 382 2789 469 2850; x_wconf 71' lang='lat' dir='ltr'><em>ilico</em></span> <span class='ocrx_word' id='word_1_264' title='bbox 484 2790 705 2868; x_wconf 87' lang='lat' dir='ltr'><em>impertiuntur,</em></span> <span class='ocrx_word' id='word_1_265' title='bbox 719 2788 836 2851; x_wconf 79' lang='lat' dir='ltr'><em>utcastb</em></span> <span class='ocrx_word' id='word_1_266' title='bbox 845 2796 876 2851; x_wconf 89' lang='lat' dir='ltr'><em>et</em></span> <span class='ocrx_word' id='word_1_267' title='bbox 888 2789 1009 2852; x_wconf 76' lang='lat' dir='ltr'><em>honesti</em></span> <span class='ocrx_word' id='word_1_268' title='bbox 1018 2794 1048 2851; x_wconf 89' lang='lat' dir='ltr'><em>in</em></span> <span class='ocrx_word' id='word_1_269' title='bbox 1060 2795 1153 2855; x_wconf 85' lang='lat' dir='ltr'><em>Eccle-</em></span> 
     </span>
     <span class='ocr_line' id='line_1_33' title="bbox 147 2871 1154 2954; baseline -0.001 -16"><span class='ocrx_word' id='word_1_270' title='bbox 147 2878 202 2940; x_wconf 82' lang='lat' dir='ltr'><em>sioe</em></span> <span class='ocrx_word' id='word_1_271' title='bbox 216 2874 389 2936; x_wconf 89' lang='lat' dir='ltr'><em>ministeriis</em></span> <span class='ocrx_word' id='word_1_272' title='bbox 403 2874 462 2934; x_wconf 86' lang='lat' dir='ltr'><em>vita</em></span> <span class='ocrx_word' id='word_1_273' title='bbox 483 2874 624 2946; x_wconf 76' lang='lat' dir='ltr'><em>ducatur,</em></span> <span class='ocrx_word' id='word_1_274' title='bbox 641 2893 701 2937; x_wconf 87' lang='lat' dir='ltr'><em>non</em></span> <span class='ocrx_word' id='word_1_275' title='bbox 718 2871 813 2936; x_wconf 82' lang='lat' dir='ltr'><em>solium</em></span> <span class='ocrx_word' id='word_1_276' title='bbox 825 2892 856 2935; x_wconf 90' lang='lat' dir='ltr'><em>se</em></span> <span class='ocrx_word' id='word_1_277' title='bbox 868 2874 1025 2935; x_wconf 84' lang='lat' dir='ltr'><em>emendare</em></span> <span class='ocrx_word' id='word_1_278' title='bbox 1045 2894 1154 2954; x_wconf 81' lang='lat' dir='ltr'><em>propo·</em></span> 
     </span>
     <span class='ocr_line' id='line_1_34' title="bbox 148 2955 1155 3037; baseline -0.001 -16"><span class='ocrx_word' id='word_1_279' title='bbox 148 2965 218 3033; x_wconf 83' lang='lat' dir='ltr'><em>nat,</em></span> <span class='ocrx_word' id='word_1_280' title='bbox 228 2959 280 3020; x_wconf 85' lang='lat' dir='ltr'><em>sed</em></span> <span class='ocrx_word' id='word_1_281' title='bbox 290 2959 381 3019; x_wconf 88' lang='lat' dir='ltr'><em>etism</em></span> <span class='ocrx_word' id='word_1_282' title='bbox 391 2958 490 3018; x_wconf 88' lang='lat' dir='ltr'><em>omnia</em></span> <span class='ocrx_word' id='word_1_283' title='bbox 505 2957 600 3017; x_wconf 84' lang='lat' dir='ltr'><em>medis</em></span> <span class='ocrx_word' id='word_1_284' title='bbox 611 2967 776 3037; x_wconf 87' lang='lat' dir='ltr'><em>opportuna</em></span> <span class='ocrx_word' id='word_1_285' title='bbox 788 2955 947 3028; x_wconf 77' lang='lat' dir='ltr'><em>adhibere,</em></span> <span class='ocrx_word' id='word_1_286' title='bbox 961 2976 1027 3034; x_wconf 80' lang='lat' dir='ltr'><em>quse</em></span> <span class='ocrx_word' id='word_1_287' title='bbox 1039 2960 1155 3020; x_wconf 81' lang='lat' dir='ltr'><em>valeant</em></span> 
     </span>
     <span class='ocr_line' id='line_1_35' title="bbox 149 3039 1154 3119; baseline -0.003 -15"><span class='ocrx_word' id='word_1_288' title='bbox 149 3040 216 3104; x_wconf 85' lang='lat' dir='ltr'><em>tirm</em></span> <span class='ocrx_word' id='word_1_289' title='bbox 230 3041 495 3119; x_wconf 86' lang='lat' dir='ltr'><em>concupiscentium</em></span> <span class='ocrx_word' id='word_1_290' title='bbox 514 3042 688 3112; x_wconf 80' lang='lat' dir='ltr'><em>refraenare,</em></span> <span class='ocrx_word' id='word_1_291' title='bbox 709 3039 773 3102; x_wconf 83' lang='lat' dir='ltr'><em>tirm</em></span> <span class='ocrx_word' id='word_1_292' title='bbox 787 3040 910 3118; x_wconf 78' lang='lat' dir='ltr'><em>dignum</em></span> <span class='ocrx_word' id='word_1_293' title='bbox 922 3056 990 3098; x_wconf 88' lang='lat' dir='ltr'><em>eum</em></span> <span class='ocrx_word' id='word_1_294' title='bbox 1010 3040 1154 3112; x_wconf 88' lang='lat' dir='ltr'><em>reddere,</em></span> 
     </span>
     <span class='ocr_line' id='line_1_36' title="bbox 149 3122 1157 3202; baseline -0.003 -15"><span class='ocrx_word' id='word_1_295' title='bbox 149 3133 185 3187; x_wconf 90' lang='lat' dir='ltr'><em>ut</em></span> <span class='ocrx_word' id='word_1_296' title='bbox 204 3142 286 3185; x_wconf 89' lang='lat' dir='ltr'><em>saera</em></span> <span class='ocrx_word' id='word_1_297' title='bbox 297 3125 383 3186; x_wconf 77' lang='lat' dir='ltr'><em>adeat</em></span> <span class='ocrx_word' id='word_1_298' title='bbox 401 3126 558 3201; x_wconf 75' lang='lat' dir='ltr'><em>mysteria3</em></span> <span class='ocrx_word' id='word_1_299' title='bbox 573 3122 633 3185; x_wconf 87' lang='lat' dir='ltr'><em>imb</em></span> <span class='ocrx_word' id='word_1_300' title='bbox 645 3125 790 3202; x_wconf 74' lang='lat' dir='ltr'><em>poenitens</em></span> <span class='ocrx_word' id='word_1_301' title='bbox 801 3141 836 3182; x_wconf 90' lang='lat' dir='ltr'><em>ex</em></span> <span class='ocrx_word' id='word_1_302' title='bbox 856 3124 908 3182; x_wconf 92' lang='lat' dir='ltr'><em>illo</em></span> <span class='ocrx_word' id='word_1_303' title='bbox 926 3122 1065 3198; x_wconf 79' lang='lat' dir='ltr'><em>singulari</em></span> <span class='ocrx_word' id='word_1_304' title='bbox 1078 3123 1157 3185; x_wconf 89' lang='lat' dir='ltr'><em>dono</em></span> 
     </span>
     <span class='ocr_line' id='line_1_37' title="bbox 148 3202 1156 3285; baseline -0.003 -15"><span class='ocrx_word' id='word_1_305' title='bbox 148 3208 338 3271; x_wconf 86' lang='lat' dir='ltr'><em>contritionis</em></span> <span class='ocrx_word' id='word_1_306' title='bbox 345 3205 409 3284; x_wconf 85' lang='lat' dir='ltr'><em>jam</em></span> <span class='ocrx_word' id='word_1_307' title='bbox 430 3207 585 3285; x_wconf 84' lang='lat' dir='ltr'><em>incoeperit</em></span> <span class='ocrx_word' id='word_1_308' title='bbox 596 3206 739 3266; x_wconf 87' lang='lat' dir='ltr'><em>instanter</em></span> <span class='ocrx_word' id='word_1_309' title='bbox 751 3214 783 3266; x_wconf 91' lang='lat' dir='ltr'><em>et</em></span> <span class='ocrx_word' id='word_1_310' title='bbox 794 3202 880 3264; x_wconf 74' lang='lat' dir='ltr'><em>enixo</em></span> <span class='ocrx_word' id='word_1_311' title='bbox 899 3204 1156 3268; x_wconf 76' lang='lat' dir='ltr'><em>castitatemlDeo</em></span> 
     </span>
     <span class='ocr_line' id='line_1_38' title="bbox 148 3284 1156 3373; baseline -0.006 -18"><span class='ocrx_word' id='word_1_312' title='bbox 148 3293 317 3373; x_wconf 79' lang='lat' dir='ltr'><em>postulare,</em></span> <span class='ocrx_word' id='word_1_313' title='bbox 329 3301 359 3353; x_wconf 91' lang='lat' dir='ltr'><em>et</em></span> <span class='ocrx_word' id='word_1_314' title='bbox 371 3292 459 3353; x_wconf 88' lang='lat' dir='ltr'><em>simul</em></span> <span class='ocrx_word' id='word_1_315' title='bbox 475 3288 715 3368; x_wconf 76' lang='lat' dir='ltr'><em>concupiscentie</em></span> <span class='ocrx_word' id='word_1_316' title='bbox 727 3288 863 3349; x_wconf 87' lang='lat' dir='ltr'><em>ardorem</em></span> <span class='ocrx_word' id='word_1_317' title='bbox 880 3284 1050 3347; x_wconf 86' lang='lat' dir='ltr'><em>notabiliter</em></span> <span class='ocrx_word' id='word_1_318' title='bbox 1061 3287 1156 3348; x_wconf 89' lang='lat' dir='ltr'><em>immi·</em></span> 
     </span>
     <span class='ocr_line' id='line_1_39' title="bbox 149 3367 1156 3454; baseline -0.004 -18"><span class='ocrx_word' id='word_1_319' title='bbox 149 3385 258 3437; x_wconf 85' lang='lat' dir='ltr'><em>nutum</em></span> <span class='ocrx_word' id='word_1_320' title='bbox 276 3376 308 3437; x_wconf 88' lang='lat' dir='ltr'><em>iu</em></span> <span class='ocrx_word' id='word_1_321' title='bbox 325 3376 589 3454; x_wconf 59' lang='lat' dir='ltr'><em>recognoscantur</em></span> <span class='ocrx_word' id='word_1_322' title='bbox 605 3370 708 3448; x_wconf 85' lang='lat' dir='ltr'><em>utjam</em></span> <span class='ocrx_word' id='word_1_323' title='bbox 722 3376 858 3451; x_wconf 85' lang='lat' dir='ltr'><em>paratum</em></span> <span class='ocrx_word' id='word_1_324' title='bbox 868 3367 1010 3430; x_wconf 82' lang='lat' dir='ltr'><em>assentiet</em></span> <span class='ocrx_word' id='word_1_325' title='bbox 1023 3370 1059 3430; x_wconf 88' lang='lat' dir='ltr'><em>ad</em></span> <span class='ocrx_word' id='word_1_326' title='bbox 1071 3372 1156 3433; x_wconf 88' lang='lat' dir='ltr'><em>casti-</em></span> 
     </span>
     <span class='ocr_line' id='line_1_40' title="bbox 148 3449 1155 3533; baseline -0.004 -14"><span class='ocrx_word' id='word_1_327' title='bbox 148 3468 241 3520; x_wconf 85' lang='lat' dir='ltr'><em>tatem</em></span> <span class='ocrx_word' id='word_1_328' title='bbox 258 3456 543 3532; x_wconf 61' lang='lat' dir='ltr'><em>consuranorum</em></span> <span class='ocrx_word' id='word_1_329' title='bbox 561 3456 585 3518; x_wconf 91' lang='lat' dir='ltr'><em>si</em></span> <span class='ocrx_word' id='word_1_330' title='bbox 598 3455 775 3515; x_wconf 86' lang='lat' dir='ltr'><em>sufficienter</em></span> <span class='ocrx_word' id='word_1_331' title='bbox 794 3453 934 3533; x_wconf 78' lang='lat' dir='ltr'><em>probatus</em></span> <span class='ocrx_word' id='word_1_332' title='bbox 952 3449 1155 3527; x_wconf 86' lang='lat' dir='ltr'><em>existimatur,</em></span> 
     </span>
     <span class='ocr_line' id='line_1_41' title="bbox 149 3536 1156 3623; baseline -0.007 -17"><span class='ocrx_word' id='word_1_333' title='bbox 149 3545 202 3622; x_wconf 87' lang='lat' dir='ltr'><em>qui</em></span> <span class='ocrx_word' id='word_1_334' title='bbox 220 3561 275 3623; x_wconf 84' lang='lat' dir='ltr'><em>per</em></span> <span class='ocrx_word' id='word_1_335' title='bbox 289 3544 410 3622; x_wconf 88' lang='lat' dir='ltr'><em>otiquod</em></span> <span class='ocrx_word' id='word_1_336' title='bbox 429 3551 544 3621; x_wconf 86' lang='lat' dir='ltr'><em>tompus</em></span> <span class='ocrx_word' id='word_1_337' title='bbox 557 3559 587 3603; x_wconf 87' lang='lat' dir='ltr'><em>ss</em></span> <span class='ocrx_word' id='word_1_338' title='bbox 604 3540 755 3603; x_wconf 82' lang='lat' dir='ltr'><em>continens</em></span> <span class='ocrx_word' id='word_1_339' title='bbox 764 3539 899 3604; x_wconf 85' lang='lat' dir='ltr'><em>habitum</em></span> <span class='ocrx_word' id='word_1_340' title='bbox 912 3536 1058 3619; x_wconf 81' lang='lat' dir='ltr'><em>extirpare</em></span> <span class='ocrx_word' id='word_1_341' title='bbox 1071 3555 1156 3599; x_wconf 86' lang='lat' dir='ltr'><em>oura-</em></span> 
     </span>
    </p>
   </div>
   <div class='ocr_carea' id='block_1_7' title="bbox 0 0 1310 4186">
    <p class='ocr_par' dir='ltr' id='par_1_8' title="bbox 0 0 1310 4186">
     <span class='ocr_line' id='line_1_42' title="bbox 0 0 1310 4186; baseline 0 0"><span class='ocrx_word' id='word_1_342' title='bbox 0 0 1310 4186; x_wconf 95' lang='lat' dir='ltr'><em> </em></span> 
     </span>
    </p>
   </div>
  </div>
 </body>
</html>
