2562 4166
172 233 181 249 ·
274 208 345 288 Cap.
361 209 390 267 5.
402 202 549 287 Dcofficio
567 203 764 285 secularium.
779 209 858 271 Dub-
879 211 910 273 4.
1037 213 1094 275 409

92 308 242 385 pretium,
264 305 366 376 aliud,
384 308 472 365 ctiam
493 323 546 384 per
569 306 690 366 modum
712 306 803 382 doni,
828 305 997 385 apartibus
1019 311 1093 369 aocl-

91 393 198 469 piant‚
217 390 287 468 quia·
303 388 372 448 talia
389 405 510 448 munera
531 388 646 458 coacti,
665 407 724 449 non
741 388 844 465 spontis
856 395 1093 468 praetereuntia

95 475 213 532 Naear.
232 470 323 532 liodr.
347 479 399 531 etc.
414 489 481 531 cum
498 467 591 532 Soloe.
615 469 685 532 ibid.
708 491 740 530 o.
754 475 803 532 99.
817 473 981 533 advertunt
996 482 1092 534 tamen

91 552 187 615 Selm.
201 553 271 616 dit.
286 573 319 614 o.
336 557 385 615 94.
400 561 429 614 et
446 557 496 614 25.
508 556 655 634 currrbop.
671 563 698 615 et
711 554 843 615 Mercad.
859 554 950 618 Rodr.
963 558 1002 617 P.
1011 557 1093 616 Nau.

91 637 171 715 quod
182 637 1092 717 benitabelliocxtraordinariumstipendiumreciperepotcst‚

91 723 114 781 si
133 722 400 783 extraordinarium
411 730 529 800 prestet
544 720 693 792 laborem,
708 734 830 800 nempe,
847 724 871 785 si
890 723 1094 800 cogaturcelc·

90 802 172 876 risis,
189 804 275 884 quim
290 824 345 884 par
362 806 419 876 sit,
435 805 550 864 tradere
560 815 795 884 transumptum,
806 804 1092 884 adirelonginquum

88 887 205 963 locum,
222 890 270 950 vel
284 890 419 950 laborare
436 900 544 961 noctu,
566 898 622 949 etc.

125 975 194 1034 252.
208 1006 246 1019 -
267 992 281 1026 a
296 975 326 1034 5.
343 975 520 1052 Procurator
532 982 630 1052 peccat
640 1018 648 1047 ‚
658 975 682 1034 si
698 974 780 1037 litem
793 982 930 1053 procuret
941 973 1090 1048 injustam.

87 1079 103 1108 a
125 1059 156 1114 9.
169 1055 203 1116 ’δί
221 1058 323 1136 plures
339 1074 437 1116 causas
457 1058 612 1135 suscipiat,
631 1056 720 1133 quam
740 1060 830 1135 possit
847 1059 986 1138 expedire
1002 1083 1016 1112 a
1032 1060 1094 1137 [Ita

88 1140 229 1200 Panorm.
245 1149 274 1201 et
286 1139 352 1220 Coj.
369 1157 436 1199 cum
447 1138 540 1200 Soloe.
551 1140 587 1200 de
596 1137 671 1219 offic.
683 1159 707 1200 c.
719 1143 749 1200 0.
757 1159 791 1221 p.
801 1142 880 1202 aab.
894 1162 926 1202 a.
937 1141 980 1219 4.)
994 1166 1007 1196 a
1020 1140 1092 1202 584

88 1245 101 1273 a
124 1222 191 1299 pltis
208 1225 354 1283 mercedis
372 1220 493 1299 accipiat
503 1226 516 1294 ‚'
528 1223 616 1302 quim
628 1223 752 1300 justum.
762 1226 793 1283 4.
806 1224 836 1283 si
852 1224 953 1285 suadet
966 1241 1033 1296 reo,
1045 1223 1095 1283 rel

87 1329 101 1358 r
124 1306 200 1382 parti
211 1303 269 1379 ‚ut
287 1305 565 1386 injusteveritatem
582 1316 678 1386 neget.
694 1309 726 1366 5.
743 1307 773 1366 Si
788 1307 840 1366 sud
856 1306 985 1378 incurii,
999 1305 1093 1384 negli-

88 1413 100 1439 a
123 1391 220 1466 gontii
231 1435 239 1460 ‚
251 1390 345 1451 aliave
359 1390 462 1467 culpd',
475 1408 557 1449 rausa
567 1390 623 1463 sit,
637 1399 670 1449 ut
681 1389 717 1448 lis
726 1389 876 1467 perdatur.
888 1391 919 1450 6.
930 1391 959 1453 si
972 1391 1093 1450 nomino

87 1496 100 1524 a
124 1474 214 1550 partis
228 1474 325 1551 juret,
344 1473 408 1532 sinc
426 1474 593 1551 particulari
612 1473 675 1549 ejus
693 1473 916 1544 informatione,
928 1490 997 1532 cum
1013 1473 1092 1550 peri·

88 1579 102 1607 a
123 1557 189 1616 culo
203 1556 366 1635 pejerandi.
378 1559 407 1624 7.
418 1557 447 1616 Si
466 1556 650 1634 culpabiliter
668 1556 807 1616 tribunali
819 1573 880 1619 non
892 1556 985 1628 adsit,
997 1555 1090 1616 futuri

87 1662 101 1691 a
124 1640 305 1701 incommodi
318 1642 418 1712 metu,
431 1650 487 1700 etc.
495 1637 566 1701 Vide
577 1639 681 1701 Escob.
693 1641 798 1719 dapar.
810 1636 832 1701 l.
846 1658 869 1703 c.
882 1641 995 1703 Bonos.
1013 1656 1043 1717 q.
1058 1640 1088 1698 5.

88 1747 101 1774 a
120 1742 153 1802 p.
168 1726 198 1783 4.
215 1726 247 1785 8.
259 1724 289 1783 si
304 1732 401 1801 partes
417 1723 541 1782 adducat
550 1722 586 1782 ad
596 1723 779 1783 concordiam
792 1724 934 1802 iniquam.
947 1726 977 1783 9.
990 1723 1021 1781 Si
1033 1721 1090 1785 dil·

87 1829 100 1856 ιι
123 1807 198 1867 serat
217 1824 355 1878 causam,
375 1809 422 1867 rel
441 1810 587 1883 pervertat
602 1805 751 1882 judicem,
774 1814 853 1884 petat
873 1806 1015 1869 terminos
1032 1807 1090 1869 im·

86 1911 100 1939 a
122 1891 327 1967 pertinentes,
344 1898 395 1951 aut
414 1889 568 1950 dilationes
587 1888 759 1966 superfluas.
781 1891 830 1947 40.
847 1890 878 1951 Si
898 1890 984 1948 tarsos
1004 1896 1090 1949 testes

86 1995 99 2023 a
123 1972 258 2034 inducat.
269 1972 341 2035 Vide
352 1976 441 2054 Sayr.
456 1970 477 2033 l.
494 1975 543 2054 44.
560 1992 585 2032 c.
605 1974 654 2031 44.
668 1967 738 2032 Fitt.
756 1977 778 2029 t.
792 1971 841 2030 40.
858 1987 884 2029 c.
903 1972 952 2031 40.
971 1988 1002 2029 n.
1020 1972 1087 2030 994.

85 2077 99 2107 ¹
129 2053 227 2116 Trull.
240 2053 262 2115 l.
273 2058 302 2116 8.
314 2076 338 2117 o.
352 2059 381 2117 6.
394 2056 462 2117 dub.
474 2059 503 2116 l.
518 2081 531 2110 o
550 2052 739 2135 (VideSolm.
754 2050 808 2113 loo.
824 2051 886 2129 cit.)

122 2141 195 2198 955.
212 2172 251 2182 -
267 2140 364 2212 Quaer.
380 2142 405 2199 l.
416 2142 461 2204 An
478 2137 650 2216 procurator
661 2181 669 2208 ‚
682 2137 706 2196 si
720 2135 824 2195 habeat
839 2135 1024 2204 advocatum,
1039 2141 1096 2194 aut.

85 2218 292 2297 tabellionem,
310 2224 363 2301 qui
377 2221 466 2300 gratis
477 2222 636 2291 inserviat,
653 2222 743 2299 possit
759 2218 874 2295 justum
889 2216 1018 2295 pretium
1032 2218 1091 2277 illis

86 2305 219 2366 debitum'
234 2307 291 2367 sibi
307 2306 457 2366 retinere?
472 2309 558 2383 ltesp.
578 2302 713 2383 negative
727 2324 735 2362 :
750 2303 774 2362 si
790 2298 965 2370 advocatus,
984 2308 1035 2360 aut
1051 2310 1091 2359 ta·

85 2387 171 2448 bellio
180 2390 312 2449 serviant
329 2389 423 2465 magis
439 2391 471 2448 in
489 2389 613 2466 gratiam
629 2387 805 2454 clientis‚ut
816 2388 895 2446 Bon.
906 2386 1019 2446 Puoor.
1036 2392 1088 2444 etc.

84 2474 146 2530 cabo
156 2468 254 2532 Selm.
268 2470 341 2534 ibid.
352 2491 383 2532 a.
397 2474 427 2532 0.
439 2473 469 2531 Si
481 2478 579 2533 airtcm
595 2471 723 2530 serviant
739 2470 770 2529 in
786 2469 908 2548 gratiam
921 2463 1008 2527 simul
1020 2486 1090 2546 pro·

85 2556 243 2630 curatoris,
263 2563 294 2616 et
310 2556 446 2628 clientis,
467 2557 569 2617 dicunt
581 2557 660 2615 Boo.
678 2561 707 2614 et
722 2555 810 2614 Bosa.
829 2551 901 2614 ibid.
923 2551 1003 2629 qudd
1018 2563 1088 2613 tunc
1117 2606 1132 2633 ,

84 2635 155 2698 nihil
177 2639 266 2699 etiam
287 2640 415 2701 retinere
428 2641 535 2718 possit,
549 2639 618 2717 quia
631 2640 662 2699 in
680 2636 771 2699 dubio
784 2636 889 2698 melior
904 2646 948 2698 est
959 2638 1087 2700 conditio

84 2719 213 2793 clientis,
233 2722 284 2799 qui
297 2722 434 2802 possidet.
449 2723 506 2782 Sed
521 2720 619 2800 (addo)
635 2721 692 2783 hoc
707 2721 800 2783 currit
823 2720 855 2782 in
876 2720 987 2798 dubi03
1000 2740 1084 2797 nam,

82 2801 105 2862 si
122 2803 194 2866 rere
210 2804 263 2865 liat
278 2806 411 2866 remissio
423 2807 513 2867 etiam
526 2807 635 2866 intuitu
656 2805 871 2884 procuratoris,
885 2824 939 2867 cur
952 2804 1003 2866 ille
1015 2805 1087 2864 reti·

82 2887 149 2948 ndre
169 2905 231 2947 non
250 2889 361 2967 poterit
375 2891 479 2950 saltem
490 2899 603 2967 partem
618 2890 705 2967 pretii
719 2888 803 2969 Juxta
815 2888 994 2967 prudentum
1008 2890 1087 2951 arbi·

82 2968 311 3062 trinmimodb‚
323 2972 475 3051 intellige,
487 2973 542 3032 nisi
556 2972 675 3034 donatio
691 2971 823 3034 absolute
836 2971 888 3032 fiat
900 2973 1017 3045 clienti,
1031 2969 1085 3031 etsi

81 3054 256 3130 ingratiam
275 3056 483 3133 procuratoris.

115 3136 267 3208 Queritur
279 3138 319 3196 ll.
336 3139 400 3208 An,
415 3138 440 3197 si
457 3145 630 3214 procurator
640 3137 729 3215 alium
739 3136 897 3197 substituat
916 3143 1086 3212 procurato·
1104 3196 1106 3201 ,

79 3232 162 3289 rem,
184 3221 275 3297 possit
293 3231 408 3298 partem
425 3222 522 3281 salarii
541 3223 584 3281 illi
603 3222 718 3282 tradere
731 3265 739 3290 ‚
750 3229 788 3278 -et
806 3227 918 3296 partem
937 3219 1086 3277 retindro?

81 3300 237 3362 Affirmant
248 3304 440 3381 probabiliter
449 3301 540 3365 Soloi.
554 3302 625 3365 ibid.
639 3323 671 3362 n.
685 3304 715 3363 7.
726 3320 792 3361 cum
803 3301 890 3378 Sayr.
902 3298 1084 3380 Ripa‚.lop.

81 3382 170 3444 modd
190 3385 277 3444 illum
296 3386 452 3447 admoneat
472 3387 509 3446 dc
527 3385 665 3463 agendis,
683 3394 712 3443 ct
728 3384 849 3459 insuper
867 3382 1003 3459 suscipiat
1024 3383 1087 3459 ipse

81 3461 152 3525 inse
161 3468 327 3544 periculum
338 3488 446 3541 causae,
457 3462 481 3528 si
490 3469 565 3529 lorti
578 3467 616 3527 ob
629 3465 834 3544 negligentiam
843 3461 992 3523 substituti
1002 3467 1095 3526 causa'

83 3548 258 3698 amqipotatup':
273 3561 446 3629 procurator
461 3553 541 3611 enim
560 3546 678 3612 tenetur
690 3551 779 3613 etiam
792 3565 828 3609 ex
843 3548 929 3692 culp}
940 3547 997 3609 levi
1010 3549 1085 3613 circa

165 3650 204 3694 m.
246 3675 255 3693 .
