2602 4198
163 232 222 295 aad
376 206 399 255 '⁵
416 228 480 291 Lib.
494 230 524 288 o.
541 231 637 289 recca.
650 224 897 305 euetapasmo.
939 276 942 281 a

162 340 226 393 tant
243 328 315 392 Gcb.
329 329 397 390 Dia.
411 336 437 388 et
445 325 590 404 Quintae.
606 345 656 407 ap.
672 322 789 386 crciari.
804 326 834 385 6.
845 343 876 404 p.
893 324 921 384 1.
935 343 967 385 aa.
981 326 1049 387 511.
1061 343 1166 404 pueros

161 411 354 492 baptizatoad
383 410 610 491 praedicantibus
637 411 679 490 (et
694 408 835 468 idomalt
850 403 969 487 Sylvius
991 410 1110 486 praecise
1130 413 1167 471 de

161 497 314 576 baptizatis
326 496 363 555 ab
384 494 485 571 Anglis
497 537 505 562 ,
519 512 552 554 ac
569 494 652 554 Garat.
671 495 782 552 Teura.
799 488 870 552 ibid.
888 491 922 551 in
935 488 993 569 fin.
1009 492 1047 553 de
1058 497 1167 554 cunctis

160 577 348 658 baptizatisb
374 577 548 638 Lutbcrnnis
562 622 569 649 ,
583 585 615 635 ot
634 572 824 650 calvinianis)
843 591 1022 641 omncsjesse
1041 577 1169 655 rebapti-

161 664 286 735 zandas,
307 663 409 723 saltem
440 662 495 721 sub
524 660 712 728 conditione,
738 658 806 734 quia
825 655 909 717 facito
936 657 1064 719 dubitari
1083 661 1169 722 debet

161 747 199 807 dc
212 746 333 806 materia
348 747 478 819 ,lormo‚
506 753 536 804 ot
554 743 719 804 intentione
738 741 842 800 talium
861 739 1087 817 ministrorum,
1101 743 1168 806 edm

162 831 218 908 ipsi
238 829 295 890 boc
314 836 530 889 sacramentum
560 845 619 886 non
643 824 776 903 judicent
799 822 930 883 absolute
951 828 1167 906 necessarium

162 923 286 993 propter
311 911 391 990 qnod
408 909 513 989 pariam
538 918 644 971 curant
664 909 701 968 dc
722 907 889 968 necessariis
913 909 1086 986 requisitis3
1106 913 1168 972 aliis

163 997 371 1058 adhibentibus
384 1013 489 1073 aquarn
512 1012 658 1056 rosacearu
679 1015 687 1051 ε
709 992 775 1051 aliis
796 989 993 1052 dividentibus
1016 997 1170 1057 materiam

162 1079 179 1140 o
195 1081 308 1151 forma,
330 1082 369 1140 ita
394 1087 426 1138 ut
438 1079 512 1138 alter
529 1078 618 1138 rerba
633 1075 778 1155 proterat,
796 1075 869 1134 alter
884 1093 990 1152 aquam
1013 1078 1169 1158 infundar,

162 1164 227 1223 aliis
239 1181 345 1243 aquam
361 1162 476 1224 tantbm
489 1174 578 1240 super
589 1168 682 1221 vestes
698 1158 930 1220 infundentibus.
950 1162 985 1220 Et
996 1161 1063 1224 ideo
1077 1205 1087 1236 ,
1102 1162 1170 1224 caim

164 1255 207 1308 tot
225 1256 350 1326 urgeant
366 1247 476 1327 nrotiva
493 1245 647 1306 dubitandi
661 1244 698 1304 do
710 1243 809 1303 valore
821 1242 925 1302 taliam
938 1243 1170 1321 baptismatum,

119 1338 124 1347 ’
163 1328 270 1393 meritb
283 1330 425 1400 dicimus,
444 1328 593 1390 ordinarie
602 1326 750 1406 loquendo
761 1368 769 1395 ,
779 1326 827 1386 illa
840 1326 895 1385 snb
907 1327 1075 1390 conditione
1091 1349 1174 1410 repe-

165 1413 265 1473 tenda.
277 1411 422 1474 Caelerirm
434 1413 585 1472 censuitS.
601 1413 634 1471 C.
648 1414 694 1488 (at
708 1409 798 1470 refert
808 1413 846 1470 P.
862 1408 1009 1471 Zacharia
1020 1429 1071 1491 cp.
1081 1415 1171 1475 Graia:

164 1492 187 1555 i.
203 1499 233 1557 c.
243 1515 276 1578 p.
291 1499 321 1557 1.
337 1514 368 1556 n.
379 1494 465 1572 511.)
480 1513 539 1555 non
562 1513 623 1554 esse
642 1492 864 1570 rebaptizandos
883 1511 989 1571 pueros
1011 1495 1171 1575 baptizatos

163 1578 201 1641 ab
216 1580 378 1651 haereticis,
398 1582 453 1640 nisi
476 1583 508 1639 in
532 1597 567 1640 eo
590 1581 652 1639 loeo
675 1579 865 1657 praedicantes
897 1597 958 1640 non
981 1578 1170 1646 observarent

162 1665 301 1743 requisita
316 1665 354 1724 ab
372 1662 494 1723 Ecclesia
517 1662 656 1722 catholica
675 1661 712 1722 ad
736 1661 865 1722 valorem
885 1666 1072 1725 sacramenti.

206 1771 220 1800 a
240 1750 270 1809 5.
283 1750 384 1809 Peceat
396 1748 525 1826 graviter
544 1748 699 1817 minister,
715 1748 742 1805 1.
762 1747 812 1824 qui
828 1764 887 1806 non
909 1747 1071 1825 rebaptizat
1081 1767 1168 1824 eum,

164 1856 178 1885 a
201 1830 239 1894 de
262 1851 323 1912 quo
339 1832 515 1895 rationabile
532 1831 656 1892 dubium
681 1829 776 1908 juris,
804 1831 850 1890 rel
868 1831 934 1891 facti
955 1841 1070 1908 manet,
1095 1833 1170 1896 naim

163 1941 177 1970 a
201 1915 297 1978 aalide
317 1917 356 1978 sit
385 1916 570 1994 baptizatam
596 1916 665 1992 qaia
687 1923 806 1974 tenetur
829 1915 997 1993 proximum
1013 1916 1169 1980 liberaret

164 2026 178 2053 a
222 2001 346 2061 robabili
367 1999 497 2079 periculo
524 1999 619 2077 gratis
638 1999 725 2071 mali,
746 1996 814 2058 edm
834 1997 916 2059 facile
936 2007 1042 2076 potest.
1061 2000 1168 2080 haym.

164 2107 177 2136 a
201 2020 259 2145 da.
273 2086 375 2162 Quint.
389 2080 411 2143 i.
422 2084 485 2143 ab.
497 2084 527 2142 Si
544 2100 603 2142 non
622 2081 779 2160 diligenter
796 2083 928 2160 inquirat
941 2085 972 2142 in
988 2083 1055 2143 talis
1073 2084 1171 2161 bapti-

164 2190 178 2221 a
201 2170 422 2251 smiralorem,
440 2166 496 2229 nisi
510 2165 548 2228 de
567 2164 624 2234 boc
644 2165 763 2227 aliunde
786 2174 910 2228 constet.
925 2165 1073 2241 Qraintcn.
1093 2175 1116 2228 t.
1137 2168 1168 2227 l.

164 2276 176 2304 ¹·
198 2254 306 2317 81116.
320 2254 385 2313 etl.

205 2362 219 2391 a
239 2339 268 2396 1.
278 2339 345 2400 Non
360 2346 403 2398 est
420 2333 659 2415 rebaptizandus,
677 2334 715 2395 de
728 2333 810 2412 cujus
835 2334 979 2413 baptismo
992 2334 1119 2396 habetur
1130 2343 1174 2396 te·

164 2445 177 2473 a
199 2421 370 2483 stimonium
391 2423 478 2482 unius
493 2420 598 2482 oculati
624 2420 726 2492 testis,
748 2418 817 2479 licet
835 2419 963 2480 ioeminoe
982 2419 1171 2484 :dummodo

163 2530 177 2558 a
202 2506 311 2565 nonsit
324 2516 471 2584 suspecta,
489 2523 544 2565 nec
558 2502 637 2562 aliud
655 2503 760 2564 obstet.
773 2505 879 2583 Lapara.
894 2499 916 2563 1.
927 2521 952 2563 c.

205 2611 218 2642 a
238 2590 267 2647 u.
281 2589 338 2662 Qui
355 2588 424 2651 verb
441 2598 471 2649 et
491 2586 828 2648 rationabiliterdabitat
839 2586 876 2645 de
890 2602 943 2646 suo
959 2587 1117 2664 baptismo,
1130 2597 1172 2648 tc·

163 2695 176 2723 a
200 2680 287 2730 netur
301 2679 401 2748 petere
411 2673 607 2750 baptismum,
626 2679 656 2730 ot
669 2669 811 2748 parochus
823 2671 851 2729 ei
863 2670 1007 2730 conferre.
1020 2672 1169 2749 Quintum.

162 2779 175 2807 a
200 2750 220 2814 1.
236 2771 261 2812 c.
274 2761 341 2814 sect.
355 2755 404 2814 15.
417 2762 445 2815 et
455 2756 502 2814 tu.
519 2764 548 2814 et
565 2752 676 2817 intereia
688 2753 834 2817 abstinere
850 2753 887 2814 ab
907 2772 960 2814 usa
981 2755 1111 2816 aliorum
1121 2772 1172 2814 sa-

164 2861 177 2892 a
202 2844 430 2898 crementorum.
715 2862 718 2865 ¹

206 2945 219 2975 a
240 2923 326 2999 llesp.
344 2923 374 2982 1.
398 2921 562 2999 baptismus
582 2919 637 2980 sub
650 2919 818 2983 conditione
835 2920 890 2984 bac
902 2923 996 2984 lormd
1014 2923 1172 2985 conteren-

162 3030 175 3058 s
199 3005 254 3065 dus
266 3013 310 3064 cst
325 3006 375 3066 :Si
391 3007 551 3084 baptizatus
564 3023 615 3077 es,
631 3024 691 3064 non
711 3006 919 3085 tebapti203si
929 3005 1064 3066 nondaim
1074 3007 1171 3066 esba-

156 3108 174 3142 'a
199 3091 396 3169 ptizatus,ogo
408 3100 436 3150 te
446 3090 573 3168 baptizo,
588 3090 620 3150 in
631 3090 762 3161 nomiae,
777 3102 832 3150 etc.
845 3093 886 3150 Ac
900 3089 1171 3152 licetsullieiatsola

163 3200 175 3226 a
201 3184 299 3234 mente
310 3171 509 3236 conditionem
533 3191 696 3252 apponere,
717 3174 742 3232 si
761 3192 797 3233 ex
814 3176 970 3234 omissione
983 3191 1044 3233 non
1062 3175 1172 3253 timea-

163 3285 175 3311 a
200 3268 249 3317 tur
267 3259 435 3319 scandalum
459 3259 577 3318 :tutius
601 3266 699 3318 tomen
714 3266 758 3316 est
773 3257 1041 3336 ‘exprimereverba
1062 3258 1171 3319 saltem

164 3366 176 3393 a
200 3342 254 3401 ista
272 3361 279 3399 ε
294 3343 324 3401 Si
340 3361 440 3403 narres
457 3343 628 3421 baptizatus,
639 3351 695 3401 etc.
711 3339 782 3402 Vide
800 3337 862 3402 Tol.
879 3338 901 3401 l.
918 3344 948 3402 1.
960 3359 985 3401 c.
999 3344 1047 3401 ill.
1058 3343 1169 3420 haym.

162 3447 175 3474 a
202 3420 223 3483 l.
237 3442 261 3483 a.
289 3427 378 3485 Scor.
390 3424 421 3486 d.
438 3428 485 3487 51.
501 3423 612 3487 uitta.
627 3427 657 3484 1.
673 3444 698 3486 c.
718 3427 789 3504 la'q.
812 3425 841 3485 9.
860 3425 995 3485 Petrinus
1013 3434 1113 3485 eutem
1136 3426 1171 3485 in
1190 3416 1195 3430 ”

163 3502 182 3586 »J
199 3502 254 3638 poc
266 3504 598 3652 baptiapponecessarius
613 3516 750 3584 nonest,
775 3528 829 3572 nce
851 3509 1043 3574 adhibendus.
1061 3507 1169 3585 Qurirt.

80 3594 83 3600 ·
163 3607 176 3633 a
214 3598 344 3649 ‹csect
401 3634 408 3650 .
445 3604 449 3610 ·
877 3608 880 3611 ·
1102 3600 1118 3628 -’
