2610 4186
191 252 249 316 508
345 252 409 318 lib.
424 256 454 317 6.
473 258 569 319 Tenet.
584 257 613 315 l.
628 256 673 316 De
684 253 875 316 canonicatis
887 253 1039 336 inponere.

572 454 653 520 Unde
667 451 813 519 ιιιοιιιιι

228 633 277 696 95.
292 660 356 690 -ι
371 633 520 696 libatio
537 633 766 712 praevenientes,
777 642 808 693 ct
825 633 867 711 pii
888 639 985 693 motus
1001 634 1202 699 conferuntur

189 736 279 798 »per
299 719 535 787 sacramentalia,
560 734 613 795 per
640 715 761 776 modum
780 718 1015 794 impetrationis,
1041 738 1108 796 quoe
1134 739 1200 783 non
1295 744 1296 793 j

189 826 203 856 ι
227 802 348 864 omninb
360 802 544 863 infallibilem
555 800 692 862 ellectum
710 799 830 860 hibent.

232 921 246 951 ι
264 897 294 957 2.
310 897 411 956 Peccat
423 895 569 974 graviter,
586 894 637 971 qui
654 893 911 953 sacramentalibus
922 893 1024 954 salsam
1039 897 1199 958 materiam

189 1005 203 1034 ι
227 980 388 1059 supponit,
403 988 438 1038 ut
454 996 509 1057 pro
527 995 602 1056 aqua
621 977 735 1037 lustrali
753 977 884 1037 iaciendo
898 978 1025 1038 urinam.

230 1105 244 1134 ιι
264 1081 294 1140 5.
309 1079 532 1141 Sacramentalia
550 1077 726 1157 quandoque
742 1087 903 1155 operantur
919 1078 1062 1138 beneficia
1086 1098 1199 1161 corpo.

188 1187 203 1219 ιι
224 1165 314 1242 ralia,
328 1183 358 1225 v.
372 1182 403 1243 g.
420 1164 596 1233 sanitatem,
613 1180 667 1241 per
682 1162 804 1222 modum
824 1162 1059 1241 impetrationis,
1079 1167 1199 1227 ratione
1295 1162 1296 1225 l

189 1273 202 1303 ιι
227 1267 346 1327 precum
372 1248 515 1309 acclesiae.
542 1244 606 1308 lmb
636 1245 771 1323 quaedam
798 1247 886 1305 etiam
903 1247 964 1304 vim
982 1244 1091 1305 habere
1106 1245 1195 1324 (mg.
1295 1248 1296 1295 f

188 1355 202 1385 ιι
225 1332 344 1411 fugandi
354 1331 531 1409 daemonem)
546 1346 598 1408 per
608 1329 728 1388 modum
738 1328 835 1407 operis
848 1329 960 1406 operati
974 1371 983 1398 ,
999 1345 1036 1387 ex
1048 1329 1199 1404 singulari

187 1438 202 1470 ι
226 1415 606 1495 privilegio,doeentilenr.
617 1409 830 1484 titubatus,
842 1409 1029 1484 etalii.Quia,
1040 1412 1197 1488 inquiunt,
1295 1416 1296 1495 g

188 1524 202 1553 ιι
225 1501 314 1560 etiam
332 1497 463 1567 ethnici,
481 1498 513 1557 in
530 1496 638 1574 quibus
655 1513 708 1555 nec
728 1497 955 1555 intercesserunt
974 1512 1072 1574 preces
1094 1496 1199 1555 Ecclo-
1295 1508 1296 1587 ι

187 1608 201 1637 ι
224 1584 291 1658 sim,
315 1598 369 1643 nee
393 1580 534 1640 meritum
554 1580 758 1657 operantium,
785 1579 960 1657 quandoque
986 1579 1069 1656 signo
1096 1580 1198 1639 crucis
1295 1590 1296 1611 ι

186 1690 200 1720 a
226 1664 459 1743 (quodquidam
483 1662 572 1721 etiam
595 1670 698 1740 putant
721 1662 758 1721 de
777 1663 897 1723 nomine
923 1663 1003 1741 lesu)
1021 1662 1039 1720 ia
1057 1660 1199 1723 demone

187 1771 200 1801 ι
225 1748 340 1808 liberati
360 1747 449 1808 luisse
470 1744 612 1805 dicuntur
632 1766 640 1804 ι
665 1745 745 1824 quod
767 1755 866 1806 tamen
886 1745 936 1805 alii
961 1763 1064 1805 eorum
1084 1745 1198 1807 virtuti

187 1858 201 1887 ιι
225 1831 395 1910 objectivoe,
412 1831 495 1911 quasi
511 1829 658 1902 naturali,
676 1830 867 1908 adscribunt3
880 1830 918 1891 de
936 1847 995 1908 quo
1014 1830 1099 1908 plura
1112 1830 1197 1907 apud

187 1941 201 1971 ι
224 1913 319 1978 Sahal.
339 1913 410 1978 vtile
421 1917 530 1977 Merot.
544 1911 575 1975 d.
595 1915 720 1974 luceo.
737 1916 765 1972 l.

224 2023 322 2082 tt-
334 2020 415 2079 lnter
434 2018 652 2078 sacramentalia
667 2027 879 2079 enumerantur
897 2018 965 2097 agni
990 2020 1044 2080 Dei
1067 2037 1106 2080 ex
1124 2037 1196 2081 cera
1295 2060 1296 2109 ι

184 2106 201 2166 b
227 2108 300 2183 Papa
318 2103 463 2164 benedicti
483 2123 492 2161 t
512 2119 601 2181 super
624 2101 671 2162 his
691 2103 856 2162 notandum
875 2104 902 2162 l.
919 2103 1051 2163 Velitum
1068 2113 1113 2164 est
1135 2105 1196 2164 sub
1295 2150 1296 2171 ,

186 2187 484 2250 excommunicatione
503 2204 552 2247 eos
571 2187 722 2259 inaurare,
743 2196 795 2246 aut
817 2188 955 2265 pingere,
971 2197 1005 2246 ut
1023 2190 1112 2247 Aaor.
1137 2207 1193 2266 op.
1295 2174 1296 2201 ¹

188 2275 277 2335 croix
291 2270 313 2332 l.
333 2275 363 2333 6.
384 2289 416 2351 p.
437 2273 465 2331 l.
487 2289 520 2331 ιι.
544 2273 612 2332 225.
633 2273 702 2332 Not.
724 2273 753 2332 2.
767 2271 902 2330 Vendere
918 2290 967 2331 cos
985 2269 1098 2342 carius,
1121 2275 1196 2350 quia

185 2357 331 2418 benedicti
352 2362 443 2425 sunt,
460 2363 504 2416 est
519 2354 681 2432 injustitia,
695 2363 725 2415 et
743 2356 878 2414 simonia.
892 2356 1018 2414 Licitum
1035 2365 1132 2414 tamen
1146 2366 1195 2418 est

184 2461 234 2502 eos
244 2440 371 2500 vendere
380 2437 543 2500 secundiim
552 2457 635 2501 suam
648 2440 818 2509 materiam,
832 2447 866 2498 ut
880 2439 956 2499 reete
966 2439 1069 2499 dieunt
1078 2440 1194 2500 Soaeola.

184 2527 278 2585 Dion.
292 2532 319 2583 ιι
336 2523 425 2584 Croia
437 2521 478 2582 ib.
491 2540 557 2582 oum
564 2523 726 2597 communi,
739 2529 840 2583 eoratrn
852 2523 941 2583 Azor.
954 2525 1023 2583 Not.
1038 2523 1067 2582 5.
1079 2523 1197 2595 Quana-

183 2611 228 2665 ιιι
248 2605 351 2668 Gobut.
368 2613 421 2666 eto.
444 2605 544 2667 dicant
560 2623 622 2665 esse
642 2607 755 2665 veniale
772 2607 853 2666 lalcis
868 2623 918 2666 eos
937 2613 1061 2684 tangere
1079 2606 1194 2683 absque

183 2693 281 2767 aliqua
296 2690 483 2763 necessitate3
497 2688 649 2766 probabile
660 2698 758 2748 minen
773 2695 817 2749 cst
829 2689 943 2749 nullum
953 2707 1014 2748 esse
1024 2698 1191 2766 peccatum,

180 2774 264 2852 juxta
283 2788 369 2831 usum
389 2780 559 2831 nostrorum
574 2780 763 2849 temporum,
780 2781 815 2832 ut
830 2771 913 2849 ajunt
926 2770 1035 2835 Sorech.
1049 2769 1145 2832 Dion.
1163 2779 1194 2832 et

183 2854 239 2917 olii
251 2873 302 2938 op.
320 2852 410 2914 Crot'x
422 2872 455 2914 ιι.
469 2855 538 2915 aab.

221 2956 366 3036 Projicere
380 2954 501 3015 canibus
522 2972 585 3014 ossa
604 2955 691 3034 agni,
706 2956 753 3016 vel
771 2973 842 3028 ova,
863 2975 931 3034 quae
949 2954 1190 3029 benedicuntur,

139 3110 142 3114 Α
183 3052 266 3125 putat
287 3042 438 3103 Gretseauo
458 3056 519 3099 esse
540 3039 697 3115 illicitum,
718 3040 769 3100 sed
788 3041 956 3118 negandum
980 3057 1048 3098 cum
1072 3038 1138 3118 Coj.
1162 3048 1194 3100 ct

184 3132 272 3192 croix
286 3147 317 3188 aa.
329 3127 398 3186 227.
411 3126 494 3185 Siout
507 3124 597 3184 etiam
619 3125 734 3185 licitum
748 3134 792 3185 est
813 3126 858 3185 uti
878 3126 952 3200 aqut
972 3122 1144 3194 benedicta,
1159 3135 1193 3184 et

148 3266 151 3271 ,
182 3211 368 3356 candelislnd
393 3227 480 3271 usum
505 3209 679 3287 pinianum,
706 3218 740 3270 ιιι
771 3208 861 3271 cmix
884 3207 957 3270 ibid.
983 3225 1050 3268 ιιιιιι
1082 3206 1189 3269 Tomb.

180 3305 313 3359 corneo
327 3297 380 3358 ios.

217 3395 342 3456 Missalia
354 3403 471 3466 autem,
485 3403 516 3455 et
528 3394 621 3456 Biblia
639 3412 739 3472 sacra,
751 3395 827 3454 sicut
841 3396 933 3455 etiam
943 3410 1031 3453 sacrae
1044 3392 1190 3470 imagines

180 3477 360 3536 nondehent
378 3476 511 3538 adbiberi
532 3477 569 3537 ad
588 3495 675 3538 usum
698 3476 875 3555 profanum,
891 3476 972 3537 seclis
993 3474 1064 3535 scri)
1084 3476 1190 3538 dicen·

179 3556 251 3614 dum
263 3556 302 3613 de
314 3557 379 3615 aliis
396 3557 521 3631 chartis,
540 3559 592 3619 ubi
611 3562 793 3635 incidenter,
807 3571 836 3622 et
852 3559 1008 3621 necessarie
1024 3558 1188 3620 inscribun-

179 3638 228 3688 tur
239 3637 358 3694 nomina
372 3655 463 3698 sacra.
479 3643 523 3700 ltn
534 3643 624 3703 Croix
638 3663 671 3704 ιι.
685 3646 754 3705 228.
765 3662 832 3704 oum
846 3643 920 3707 Get.
