2620 4176
158 255 215 315 666
334 250 396 314 666.
409 253 439 310 6.
459 210 1030 329 766666.1666666666666666669666666.

158 351 251 413 nister
262 350 321 413 Dei
334 347 547 428 sanctifacata
566 349 679 409 animat
679 366 717 418 tt,
737 365 798 408 66666
815 353 858 407 est
874 353 934 406 tam
945 347 1046 427 966666
1057 364 1166 424 muca,

89 441 93 453 '
159 444 187 496 et
201 436 278 496 ratic
293 432 429 514 accipendi
441 435 588 493 internam
602 430 710 493 66666666
723 431 909 492 sanctitatem
923 428 964 490 ad
976 448 1025 491 ecc
1037 448 1168 492 caercen

158 516 222 580 dos.
233 520 314 600 Erpd
334 515 435 579 illoc
422 537 455 579 666
471 535 555 597 pecco
557 526 585 577 to
598 512 706 596 efficere
722 532 759 577 66
772 522 860 594 parte
876 514 1029 591 malain,
1049 534 1111 577 aon
1122 516 1168 577 oi·

112 672 127 689 „
159 600 244 664 detur
257 620 316 666 esce
328 621 417 684 prave
430 599 627 683 6666669666

237 689 508 783 a-Quaerituri.
532 689 578 747 66
599 692 698 764 peccet
721 686 851 762 graviter
868 660 1062 748 confessarius
1088 688 1167 753 exci-

158 772 243 869 piens
262 771 496 835 confessionem
488 789 520 830 rn
536 770 676 842 mortali,
688 787 756 831 cum
776 770 927 849 proposito
944 769 1080 834 eliciendi
1095 791 1166 836 con·

158 856 311 917 tritioncm
324 863 480 932 antequam
492 855 650 914 absolvat?

195 938 302 1000 Primo
317 940 461 1002 sententio
478 939 658 1016 probabilis,
675 957 764 1016 quam
783 947 885 1000 tenent
897 940 1028 1003 Gonctd.
1040 943 1070 1001 7.
1088 960 1114 1004 c.
1132 944 1163 1002 6.

158 1044 189 1086 66.
206 1026 273 1086 668,
284 1033 313 1085 et
331 1027 413 1086 Cant.
430 1027 541 1084 7666666.
556 1022 626 1084 ibid.
638 1041 666 1084 6.
681 1019 845 1101 66669666.
856 1023 958 1086 ascet.
973 1024 995 1085 l
1008 1028 1036 1087 8
1047 1045 1080 1087 66.
1093 1028 1163 1089 666,

107 1104 111 1109 ’
157 1126 223 1170 cum
234 1111 323 1169 acar.
337 1115 364 1167 ct
379 1110 487 1169 Fruar
505 1104 540 1166 de
564 1107 666 1187 Lupo,
681 1107 827 1179 affirmat,
851 1108 919 1183 quia
943 1110 1009 1170 talis
1027 1110 1102 1170 actio
1120 1118 1164 1171 est

156 1183 390 1264 sacramentalis,
415 1202 444 1252 et
471 1191 599 1268 pertinet
619 1190 656 1250 ad
680 1190 849 1250 ministrum
865 1202 1062 1251 consecratum
1074 1191 1165 1268 ,edm

156 1276 288 1338 sacerdos
306 1294 366 1336 non
381 1273 480 1335 mimis
497 1283 681 1336 consecretur
693 1274 731 1337 ad
747 1274 921 1337 audiendam
941 1276 1163 1373 confessionem,

157 1359 246 1437 quim
259 1359 295 1420 ad
314 1357 535 1421 absolvendum.

194 1441 329 1505 Secunda
353 1440 499 1503 scatentia
517 1442 719 1512 communior,
743 1450 773 1503 et
798 1441 978 1519 probabilior
1009 1452 1112 1521 negat,
1134 1453 1165 1508 ct
1217 1444 1222 1455 “

156 1524 231 1586 lianc
246 1534 348 1588 tenent
363 1524 452 1585 Carti
465 1523 725 1604 debapoclesoct
744 1525 774 1586 cl
795 1528 825 1588 8.
840 1545 872 1585 66.
893 1528 958 1587 668
973 1527 1115 1608 Sporert.
1133 1531 1163 1590 6.
1239 1549 1243 1557 ’

155 1629 225 1691 paq.
245 1611 292 1670 aa
312 1628 343 1668 n.
363 1610 431 1670 676.
453 1604 575 1671 676666.
592 1609 621 1667 6.
639 1627 709 1689 pap.
732 1612 779 1670 66.
793 1628 826 1670 66.
843 1613 891 1670 66.
903 1610 1063 1692 Dioucp.
1080 1613 1109 1671 6.
1125 1620 1162 1673 tr.

156 1694 221 1752 7.
223 1692 301 1753 ,67.
315 1689 409 1753 Socim.
425 1698 463 1749 tr.
480 1692 509 1750 6.
521 1708 546 1750 c.
564 1692 593 1750 7.
612 1710 643 1771 p
661 1694 709 1752 66.
732 1711 814 1751 666666.
833 1694 899 1754 667
915 1712 980 1752 curn
998 1696 1119 1775 Heariq.
1137 1704 1166 1757 et

159 1773 284 1838 Crot‘cl
302 1780 332 1837 6.
325 1794 379 1857 ..p
371 1775 425 1835 .6.
439 1792 524 1835 aum.
540 1776 608 1834 666.
629 1794 695 1835 6666
723 1774 840 1837 liutein.
858 1775 947 1838 16666.
963 1780 1072 1855 Mopc,
1091 1778 1164 1843 Gal.

155 1859 222 1920 Dic
237 1862 360 1921 6666666.
381 1854 535 1920 Bernalet
554 1860 658 1919 Basca.
672 1860 774 1933 Ratio,
792 1862 849 1937 quil
867 1862 962 1921 utitur
975 1863 1077 1941 Lupo,
1098 1873 1163 1937 est,

154 1943 224 2020 quia
230 1935 525 2004 sacerdosaudiendo
539 1942 749 2003 consessionem
763 1942 877 2003 6666666
891 1943 1001 2022 passive
1013 1963 1044 2004 se
1055 1943 1165 2023 habet3

154 2026 206 2086 sed
223 2025 299 2088 6666
318 2027 463 2087 rationem
482 2023 589 2085 merito
609 2044 669 2086 non
686 2027 818 2088 admittit
837 2026 1266 2107 (16666,(6666666666.-Ι

66 2120 69 2125 “
154 2113 248 2174 sarius
273 2111 444 2191 excipiendo
463 2110 699 2184 confessionem,
724 2110 826 2171 reveri
855 2130 915 2171 nou
938 2110 1076 2173 sehabet
1097 2123 1164 2175 tau·

154 2193 219 2256 tdm
232 2194 366 2274 passivi,
382 2195 433 2256 sed
456 2194 545 2255 etiam
561 2195 620 2271 agit
636 2193 791 2254 formando
807 2194 952 2271 judicium
973 2195 1162 2274 depereatis.

154 2279 240 2340 Ratio
265 2281 362 2359 aptior
383 2280 508 2339 aliorum
540 2285 606 2349 est,
630 2280 698 2356 quia
725 2280 915 2339 confessarius
934 2280 1079 2343 audiendo
1102 2300 1164 2343 nou

155 2363 273 2424 conficit
283 2373 498 2443 sacramentum
514 2384 522 2422 ε
538 2362 612 2423 illud
627 2365 708 2424 enim
727 2383 786 2424 non
802 2364 956 2426 conficitur
969 2367 1024 2427 nisi
1045 2367 1164 2443 quaudo

154 2447 298 2509 absolutio
317 2449 498 2527 impertitur.
528 2447 563 2509 ld
588 2459 688 2509 autem
716 2449 860 2527 quodibi
886 2449 967 2510 addit
989 2449 1078 2511 crota
1097 2469 1165 2515 cum

151 2535 250 2594 Marc.
264 2543 292 2595 66
314 2533 400 2604 666,
427 2553 535 2613 nempe
556 2535 727 2594 ministrum
749 2553 808 2594 non
838 2553 957 2613 peccare
980 2536 1162 2612 mortaliter,

154 2617 226 2678 siin
244 2619 361 2679 mortali
382 2618 507 2678 sormam
531 2617 651 2678 inchoet
677 2620 851 2680 sacramenti
868 2664 876 2695 ,
892 2619 980 2681 modd
996 2628 1166 2680 conteratur

154 2711 311 2781 antequam
331 2702 410 2761 illam
426 2702 575 2780 perficiat,
593 2703 667 2765 mihi
690 2718 750 2765 non
774 2705 885 2782 placet,
902 2723 971 2778 nam
983 2703 1052 2764 licet
1070 2706 1165 2782 gratia

154 2805 214 2847 non
236 2786 419 2855 conseratur,
434 2787 490 2845 nisi
508 2786 602 2846 forma
617 2789 750 2864 expleti,
772 2796 870 2847 tamen
891 2789 973 2851 valor
990 2787 1163 2847 sacramenti

153 2881 183 2933 et
203 2870 319 2932 collatio
332 2869 432 2947 gratiae
446 2886 506 2928 non
526 2877 586 2929 tam
607 2871 716 2947 pendet
733 2871 770 2930 ab
788 2871 901 2932 ultimis
916 2872 1013 2931 verbis
1036 2872 1162 2947 forrum,
1194 2890 1201 2897 ·

153 2955 242 3035 quim
259 2953 275 3014 6
290 2953 393 3031 primis
406 2975 414 3027 3
429 2952 509 3014 unde
525 2955 726 3026 sacerdotem,
753 2956 804 3034 qui
821 2972 886 3014 cam
902 2956 1007 3034 incipit
1028 2956 1059 3014 in
1082 2973 1165 3014 mor·

152 3041 222 3112 tali,
249 3036 356 3101 meritd
375 3038 447 3099 dicit
465 3038 574 3101 Averso
601 3057 652 3119 cp.
678 3039 767 3099 Graia
790 3040 918 3116 graviter
936 3056 1074 3117 peccare,
1095 3039 1164 3114 qnia

150 3120 212 3202 jam
249 3124 362 3268 lirrogat
397 3121 538 3200 injuriam
573 3130 778 3196 sacramento,
813 3121 992 3187 conserendo
1024 3120 1098 3184 illud
1131 3121 1164 3182 in

153 3217 248 3271 morta
263 3208 284 3271 i.

190 3294 289 3366 Quaer.
317 3292 347 3352 6.
370 3289 415 3351 66
439 3291 630 3353 confessarius
645 3291 745 3368 plures
774 3290 935 3352 suecessivi
960 3290 1113 3352 absolvens
1131 3290 1164 3352 in

152 3375 269 3436 mortali
294 3374 379 3451 plura
398 3386 513 3471 peccata
536 3375 724 3437 committat?
739 3373 811 3436 Vide
827 3373 907 3438 dicta
923 3371 975 3435 666.
999 3377 1029 3435 6
1054 3391 1088 3433 a.
1111 3374 1162 3436 60,

79 3492 84 3501 -
155 3458 213 3529 Qu.
229 3459 258 3516 6.
278 3457 341 3516 666·
353 3459 498 3519 veriorem
512 3478 573 3520 esse
588 3459 718 3530 diximus
737 3460 914 3519 sententiam
933 3457 1159 3532 affirmativam,

154 3539 222 3610 quia
234 3540 354 3613 singulae
370 3539 565 3599 absolutiones
583 3550 653 3601 sunt
671 3541 737 3618 sing
720 3541 787 3599 crula
805 3551 1069 3602 sacramenta..

191 3617 342 3676 5⁷.-11.
357 3620 442 3690 Quod
460 3623 699 3699 autcmpertinet
719 3624 756 3681 66
768 3624 837 3683 alias
857 3624 1022 3685 lunationes
1043 3642 1160 3698 sacras,
