2562 4166
166 232 222 294 tos
378 230 443 295 lib.
454 232 483 293 b.
498 183 543 292 lle
550 233 700 312 preceptis
709 224 950 311 particularibus.
1020 184 1025 191 ’

168 357 181 386 a
206 336 369 408 ditionem,
390 341 424 394 ut
435 332 589 411 pecuniam
601 338 782 410 extorquent.
794 331 824 393 7.
835 328 866 387 Si
879 335 1086 390 testamentum
1095 332 1165 391 seri·

168 442 180 471 ι
206 419 256 480 bat
267 419 396 480 bominis
408 418 530 478 rationis
542 435 599 477 usu
615 415 758 477 destituti.
770 414 801 475 8.
814 414 843 472 Si
854 420 945 472 restes
962 413 1048 475 falsos
1059 416 1166 476 admit·

169 526 182 555 a
205 511 259 571 tat,
273 506 301 563 9.
322 503 353 563 Si
371 502 569 563 solemnitates
586 499 758 561 necessarias
776 514 813 557 ex
829 495 992 573 ignorantia
1005 498 1165 576 culpabili,

167 608 181 638 ι
205 586 252 646 vel
273 587 385 647 malitia
411 584 626 664 pretermittas.
644 585 693 643 tn.
708 581 738 641 Si
758 580 959 641 testimonium
976 581 1096 659 aliquod
1115 602 1166 644 ne-

168 695 181 723 n
206 672 382 740 cessarium,
397 671 483 728 unius
495 676 620 744 rogatu,
635 675 666 727 et
678 665 796 726 alterius
806 662 931 736 damno,
944 682 1003 725 non
1016 665 1167 745 exhibeat3

168 777 181 806 a
205 755 230 813 si
242 753 375 814 conficiat
394 752 622 813 instrumentum
636 749 824 819 usurarium,
845 746 892 807 vel
909 747 1031 822 salsum,
1046 768 1166 828 proeser·
1271 760 1272 835 t

169 861 182 890 ι·
207 838 261 897 tim
285 837 317 896 iu
338 837 479 895 damnum
496 835 598 908 tertii3
616 833 640 892 si
660 833 767 901 faeiat,
782 839 817 890 ut
836 843 1013 909 processus,
1032 842 1063 892 et
1076 853 1167 899 eansae
1271 844 1272 901 t

167 946 181 974 a
206 918 372 982 veniantad
391 919 463 978 alios
487 915 625 994 judices,
648 915 695 976 vel
718 915 895 984 reserentes,
913 914 1077 993 etoquiam
1095 920 1167 981 ordo

169 1029 181 1057 n
207 1003 285 1062 illius
300 1000 456 1062 tribunalis
486 998 647 1077 postulat:
676 998 744 1078 quia
771 995 900 1057 multum
921 997 1041 1057 interest
1059 998 1167 1062 habere

168 1112 181 1141 n
206 1086 285 1147 hune
295 1087 342 1146 vel
358 1085 442 1146 illum
452 1082 589 1159 iudicem.
612 1081 715 1143 Escob.
733 1079 805 1143 Vide
813 1085 916 1160 leym.
930 1076 952 1138 l.
965 1082 995 1140 ὅ.
1013 1089 1034 1141 t.
1052 1085 1082 1143 6.
1097 1103 1122 1144 e.
1136 1087 1166 1144 1.

169 1196 182 1224 o
207 1172 320 1231 Bonae.
335 1168 369 1229 in
380 1186 429 1249 pr.
449 1166 480 1227 d.
494 1162 550 1226 ult.
564 1182 597 1246 p.
610 1162 666 1225 ult.
681 1167 728 1225 11.
751 1165 781 1223 si
802 1172 946 1223 secretum
961 1164 1071 1239 violet,
1092 1185 1123 1225 v.
1136 1186 1166 1246 g.

171 1279 183 1306 ·
206 1251 363 1331 aperiendo
379 1250 457 1328 parti
474 1249 604 1308 aduersae
619 1249 696 1308 dioto
709 1247 827 1308 testium
845 1256 913 1306 ante
924 1263 1026 1308 eorum
1037 1249 1168 1326 publiea-

167 1362 182 1392 ιι
207 1332 336 1412 tionem}
351 1332 432 1413 quod
452 1350 513 1393 esse
535 1333 776 1395 mortaleeontra
788 1329 930 1407 justitiam
942 1330 1025 1391 docet
1038 1332 1133 1395 Trull.
1145 1333 1167 1395 l.

170 1444 183 1474 a
207 1421 238 1480 8.
250 1438 275 1480 e.
287 1420 315 1479 7.
336 1435 369 1476 n.
390 1416 420 1476 5.
440 1415 603 1475 aenaeae.
618 1432 644 1475 o.
664 1417 713 1475 ab.
727 1432 760 1473 n.
782 1414 829 1472 52.
846 1415 893 1473 11.
908 1413 938 1472 Si
961 1415 1037 1491 parti
1059 1420 1168 1494 petenti

168 1527 182 1556 a
206 1503 401 1565 iustrumenta
411 1498 555 1572 occultat,
570 1500 731 1576 praesertim
742 1516 807 1575 quae
814 1498 964 1557 continent
975 1499 1079 1576 legata.
1089 1504 1167 1563 Non.

169 1611 181 1639 ι
204 1582 226 1646 1.
239 1584 289 1646 eit.
303 1603 336 1647 o.
351 1578 493 1661 dbSplo.
505 1599 535 1641 n.
556 1579 700 1655 Trebellio,
721 1578 814 1643 Trull.
833 1575 853 1639 1.
864 1580 981 1643 01115.
992 1582 1022 1641 Si
1042 1593 1106 1645 asto
1122 1604 1169 1646 oo·

167 1693 181 1722 a
204 1669 315 1740 eultet,
333 1666 380 1727 vel
393 1664 470 1743 porti
482 1666 593 1744 petenti
608 1673 826 1742 transumptum
841 1664 990 1741 processus
1005 1675 1104 1744 neget.
1120 1670 1168 1728 11.

167 1777 180 1805 t
205 1753 305 1815 Pseoat
315 1751 463 1829 graviter,
477 1749 501 1808 si
516 1749 621 1809 smisso
631 1750 828 1809 instrumento
840 1747 959 1824 antiquo
970 1747 1090 1826 publico
1098 1794 1109 1828 ,
1123 1751 1168 1815 vel

168 1861 181 1888 a
204 1841 378 1897 testamento
391 1876 399 1904 ,
412 1832 494 1893 aliud
508 1832 603 1892 simile
616 1832 774 1910 confingat.

203 1920 273 1983 est.
284 1915 434 1990 -Quoad
452 1916 581 1976 notarios
591 1914 753 1976 notandum
767 1916 791 1973 1.
815 1913 896 1992 qubd
912 1914 1034 1979 infames
1049 1917 1168 1981 insomid

162 2001 239 2080 juris
259 2008 310 2061 aut
333 1998 422 2071 laeti,
446 1998 568 2060 nulliter
597 1999 792 2077 instrumenta
822 1998 991 2059 conficiunt.
1018 1998 1112 2062 Satn.
1134 2000 1169 2065 de

163 2082 240 2166 offis.
263 2104 289 2147 e.
311 2086 340 2145 li.
363 2101 396 2164 p.
417 2085 446 2142 l.
464 2102 548 2144 num.
569 2085 600 2144 1.
620 2085 693 2144 Nota
714 2084 752 2141 ll.
773 2081 894 2143 elericos
925 2083 957 2143 in
981 2086 1096 2158 saeris,
1119 2089 1167 2149 nel

164 2169 340 2233 beneficium
353 2167 494 2229 babentes
513 2186 573 2227 nou
587 2184 670 2245 posse
689 2166 824 2227 exercere
843 2184 952 2227 munus
974 2171 1102 2244 notarii,
1115 2191 1169 2233 nee

164 2254 254 2315 etism
269 2254 301 2314 in
313 2253 378 2314 foro
389 2253 582 2313 eeclesiastico
591 2250 725 2329 publico.
737 2244 832 2310 Soloe.
846 2267 912 2313 aum
923 2248 992 2312 aliis
1003 2251 1077 2314 ibid.
1092 2273 1124 2316 n.
1137 2259 1168 2317 5.

164 2338 240 2399 Nota
252 2337 305 2397 111.
319 2334 399 2414 qubd
415 2335 585 2396 tabelliones
606 2340 756 2411 nequeunt
780 2333 911 2412 resipere
932 2335 1090 2414 altqmds
1106 2339 1178 2403 liti-.

163 2418 302 2496 gentibus
317 2420 395 2481 ultra
405 2420 534 2497 pretium
544 2416 672 2495 justum.
682 2414 740 2477 Sed
757 2414 881 2476 dubium
891 2426 935 2477 est
946 2461 954 2488 ,
965 2436 1004 2481 an
1015 2420 1062 2481 lex
1073 2429 1170 2483 texam

163 2501 235 2577 ipsis
255 2510 385 2563 statuens
406 2502 517 2578 obliget
540 2503 571 2560 in
589 2500 764 2562 conscientia
776 2503 791 2558 l
805 2498 960 2565 Affirmant
971 2502 1052 2562 Non.
1071 2503 1179 2566 Troili..

165 2589 217 2642 ele.
230 2581 313 2663 apud
322 2580 417 2644 Soloe.
428 2581 501 2644 idid.
512 2601 545 2663 p.
557 2585 586 2643 5.
599 2602 632 2643 n.
646 2585 694 2645 18.
708 2581 775 2643 edm
784 2582 823 2643 sit
835 2582 882 2644 lex
889 2580 979 2660 justa.
991 2586 1047 2645 Sed
1060 2597 1171 2664 negant
1212 2634 1215 2639 .

163 2664 304 2727 norton.
325 2673 354 2727 et
376 2663 528 2745 Faprtnd„
542 2666 612 2742 quia
633 2665 696 2728 baeo
714 2666 762 2726 lex
780 2674 824 2727 est
844 2667 984 2750 poeualip,
1000 2669 1048 2729 vel
1064 2671 1169 2730 saltem

162 2749 274 2824 mixta,
292 2746 418 2824 idebque
433 2766 494 2807 uon
515 2748 624 2827 obligat
643 2749 675 2809 in
698 2750 872 2811 conscientia
885 2749 931 2829 (ut
944 2749 982 2811 de
999 2750 1063 2828 lege
1076 2751 1169 2814 mixta

161 2840 264 2894 tenent
282 2827 352 2893 vttt.
367 2829 462 2892 Dion
476 2838 504 2891 et
525 2827 605 2910 olii).⁴
617 2834 709 2911 Negat
725 2834 814 2893 etlam
825 2834 906 2913 Lupo
930 2852 998 2895 enm
1024 2836 1167 2901 Turrino.

161 2921 190 2975 et
202 2911 271 2975 eliis
283 2932 334 2995 ap.
347 2910 440 2974 Solen.
455 2911 527 2975 ibid.
544 2932 576 2974 n.
590 2915 638 2974 19.
651 2915 701 2977 sed
716 2915 773 2975 alid
793 2917 907 2977 ratione
921 2915 1026 2979 duetus
1034 2961 1045 2994 ,
1060 2937 1183 2996 nempe.

84 3057 87 3063 ,
162 2997 244 3077 quia,
257 2994 325 3059 edm
338 2996 526 3069 tabelliones,
539 3005 568 3057 et
591 2997 640 3057 alii
653 2998 780 3058 ministri
794 2998 1026 3074 jurationum
1042 3000 1183 3065 debeant„

161 3099 198 3141 ex
211 3080 364 3159 stipendiis
383 3080 496 3159 proprii
510 3080 597 3142 officii
610 3125 618 3152 ,
631 3090 662 3142 et
677 3089 772 3143 unctu
791 3083 929 3160 temporis
941 3093 1087 3161 augentur
1100 3100 1171 3160 pre-

161 3164 204 3224 tia
223 3182 344 3236 rerum,
367 3182 401 3223 ao
415 3181 548 3241 expensae
561 3207 569 3235 ,
583 3162 665 3240 juxta
680 3183 794 3225 morem
810 3166 885 3225 cirea
901 3165 1013 3227 vietum
1029 3174 1060 3226 et
1078 3168 1173 3227 vesti·

161 3254 242 3323 tum,
254 3246 323 3308 ided
343 3264 403 3307 non
417 3247 525 3323 injuste
541 3248 596 3325 ipsi
615 3246 725 3324 aliquid
739 3248 859 3324 exigunt
874 3266 962 3326 supra
976 3258 1093 3324 taxam3
1106 3269 1172 3315 ma·

160 3329 240 3390 ximd
251 3331 277 3389 si
287 3330 477 3399 attendantur
492 3330 851 3404 circumstantiaelaboris,
870 3328 1030 3407 etperitiae.
1042 3333 1079 3393 Et
1093 3330 1172 3394 bane

160 3414 336 3472 seutentiam
358 3413 488 3493 luponis
503 3413 608 3479 dieunt
630 3410 725 3475 Salon.
738 3411 811 3475 ibid.
831 3431 864 3474 n.
890 3416 943 3476 20.
967 3413 1071 3475 videre
1089 3414 1172 3480 hisee

161 3494 343 3565 temporibus
364 3495 590 3557 conformiorem
617 3496 758 3574 aequitati,
778 3494 947 3572 camum,
968 3500 1188 3561 communiter.

160 3567 328 3645 loquendo,
346 3573 452 3636 docent
461 3578 525 3640 DI).
538 3576 593 3641 bos
603 3579 773 3644 tabelliones
780 3597 916 3662 peecare,
929 3581 955 3644 si
964 3576 1174 3657 ultrajttslum
