2602 4198
165 255 226 325 lli
378 247 443 315 tit.
457 250 488 317 b.
506 248 603 315 l'raet.
617 246 648 311 2
662 245 707 310 De
722 234 949 328 conficiuotiono.

166 369 230 417 non
252 358 370 415 wnetur
389 349 445 411 sub
464 347 556 429 greci,
576 345 624 408 Sic
644 345 756 426 puriter
776 342 951 424 intelligitur
968 340 1168 417 catechismus

167 453 264 514 rome
289 433 350 498 imb
366 433 397 496 id
414 430 515 515 operte
534 430 576 492 ibi
597 429 773 508 exprimitur
790 428 824 488 in
842 425 870 509 S.
890 426 940 487 lt.
963 426 1015 487 ubi
1038 424 1167 498 dicitur,

167 514 321 685 iiiiii
332 512 658 682 tibitibi*
672 509 805 657 till
816 507 1170 656 ullltrllltt

168 687 270 749 menie
285 684 419 749 coccium
431 691 527 746 meter
535 677 680 742 catholieo
685 674 816 748 Ecclesia
827 676 1006 741 oebemeoter
1016 684 1119 759 optet,
1133 670 1172 736 ἰιι

169 775 204 837 io
221 774 274 851 iis,
292 790 366 857 quos
377 790 430 855 per
447 769 625 852 baptismum
637 767 864 868 regeneraverit,
874 761 1170 865 christionibominie

168 850 689 1020 lutultttltllttl
702 856 892 1016 {illitu
904 846 1172 1013 ’stultiut

169 1023 268 1088 edesse
289 1025 421 1086 Ecclesire
441 1029 630 1101 preceptum.
651 1018 697 1082 nd
719 1028 833 1082 textum
852 1024 952 1079 cutem
972 1017 1005 1089 8,
1025 1014 1173 1097 Cypriani

169 1108 384 1189 respondetur,
397 1105 477 1187 qubd
489 1104 519 1166 S.
531 1107 638 1166 Ductor
658 1120 718 1165 non
731 1103 802 1167 dicit
814 1119 929 1164 necesse
938 1098 1064 1162 essehoc
1075 1117 1175 1160 mem-

170 1200 306 1254 mentum
322 1192 470 1270 suscipere
488 1188 525 1250 de
536 1187 704 1250 necessitate
728 1186 886 1267 precepti,
899 1185 951 1246 sed
963 1201 1077 1245 necesse
1090 1200 1170 1257 esse,

172 1283 206 1335 ut
224 1274 298 1337 iliud
318 1275 456 1354 suscipiet
476 1275 528 1352 qui
543 1271 606 1350 ejus
624 1271 748 1352 grotiem
767 1271 832 1332 vult
849 1267 1062 1344 obtinere3vel
1076 1275 1175 1347 potest

171 1359 230 1420 elio
242 1358 331 1421 modo
343 1357 468 1436 intelligi
478 1400 487 1428 ,
499 1355 608 1419 seilicet
620 1353 700 1432 qubd
716 1354 780 1414 sine
792 1352 1013 1416 confirmatione
1029 1369 1090 1410 non
1103 1340 1177 1411 iice-

171 1441 223 1503 bet
240 1444 408 1505 ministrare
425 1440 603 1520 baptismum
620 1447 692 1500 tuno
702 1438 868 1515 temporis,
881 1435 999 1514 quondo
1012 1433 1177 1512 baptismus

171 1526 260 1587 simui
277 1544 346 1586 oum
363 1524 588 1587 confirmatione
608 1521 671 1582 deri
688 1520 930 1602 precipiebatur,
948 1530 984 1583 ut
1003 1519 1175 1597 hebeture'n

171 1625 238 1690 cop.
251 1611 296 1670 De
312 1606 369 1669 bie.
386 1609 416 1669 5.
430 1604 499 1667 diet.
513 1607 542 1666 o.
557 1603 592 1667 de
606 1622 732 1666 consecr.
1016 1678 1020 1683 4

201 1692 278 1752 ‘182
291 1721 331 1736 -
346 1690 456 1749 Dicunt
473 1695 572 1748 eutem
594 1688 655 1748 ΛΑ.
672 1685 807 1749 secundm
825 1690 991 1761 sententie,
1011 1689 1177 1770 quodlicet

172 1791 226 1854 per
242 1790 273 1834 se
289 1772 437 1851 loquendo
459 1769 578 1833 omissio
597 1771 790 1850 susceptionis
808 1769 897 1850 bujus
919 1774 1093 1835 sacrementi
1114 1793 1177 1843 uon

171 1859 211 1919 sit
227 1857 382 1932 mortalis,
396 1854 896 1920 conveniunttemeneommuniter
914 1872 997 1935 posse
1014 1874 1077 1918 esse
1094 1876 1181 1919 mor·

172 1940 262 2004 lolem
280 1957 335 2020 peu·
356 1937 491 2000 occidens
504 1938 536 1998 in
552 1937 794 2021 tribuscesibus‚
808 1945 838 1999 et
854 1941 880 1999 1.
893 1940 923 2010 Si
939 1941 1179 2018 quisomittendo
1213 1989 1217 1995 .

172 2024 245 2088 otios
267 2024 395 2090 firmiter
419 2024 551 2084 erederet
573 2022 737 2102 periculum
759 2022 814 2087 sibi
842 2023 999 2086 imminere
1021 2025 1181 2095 emittendi

171 2111 278 2187 fidem,
302 2110 350 2171 rel
366 2107 556 2179 charitatem,
569 2114 605 2166 ut
624 2108 712 2169 Seor.
726 2103 796 2169 Pol.
809 2114 838 2169 et
847 2105 941 2170 Soim.
959 2107 995 2172 de
1006 2108 1179 2191 confimo.
1287 2162 1288 2183 p

172 2194 203 2256 i.
215 2213 250 2276 p.
265 2195 294 2256 i.
311 2211 343 2253 ιι.
355 2192 404 2255 59.
416 2210 483 2253 cem
501 2193 573 2252 Coo.
589 2192 684 2253 Grani
700 2199 752 2253 cte.
766 2192 805 2253 11.
823 2193 853 2253 Si
867 2195 934 2271 quis
946 2194 1095 2254 omitteret
1107 2211 1179 2256 eum

172 2277 325 2345 scandolo.
349 2291 456 2356 nempe
475 2274 499 2337 si
525 2282 600 2337 esset
620 2284 769 2359 suspectus
792 2275 830 2338 de
850 2276 924 2350 fide,
943 2284 973 2338 e't
991 2285 1183 2356 reputaretur
1287 2270 1288 2297 ³

173 2361 430 2425 confirmationem
448 2367 654 2429 contemnere,
667 2368 719 2419 out
734 2379 793 2421 non
807 2360 925 2422 credere
941 2379 1002 2421 esse
1013 2377 1183 2422 sacremen-
1287 2432 1288 2441 ἵ

172 2458 249 2510 tum.
270 2444 615 2525 Peioee‚loym.llooe.
625 2445 886 2528 Seorez‚8porer‚
896 2444 1069 2509 Solmdbid.
1083 2463 1116 2506 ιι.
1127 2447 1180 2508 58.

171 2546 239 2594 eum
253 2527 324 2592 otiis
337 2528 539 2592 oommcroiter.
555 2529 607 2589 111.
618 2530 649 2588 Si
668 2530 821 2591 omittetur
833 2548 869 2590 ex
882 2536 1072 2608 contemptu,
1089 2546 1182 2607 quem

172 2615 221 2676 clii
233 2615 414 2675 intervenire
434 2613 622 2693 intelligunt,
641 2612 758 2689 quondo
769 2614 835 2690 quis
849 2613 1001 2676 commode
1013 2630 1181 2675 sacramen·

173 2708 238 2762 tum
253 2698 401 2776 suscipere
419 2706 534 2776 potest,
556 2707 587 2758 et
604 2698 726 2777 negligit
737 2720 747 2776 3
759 2696 839 2759 bunc
854 2701 934 2763 enim
945 2744 953 2774 ‚
965 2700 1019 2760 etsi
1041 2717 1102 2762 non
1118 2699 1184 2760 ior-

174 2783 296 2852 molem,
320 2782 477 2842 virtualem
493 2791 592 2844 tomen
607 2792 808 2861 contemptum
826 2793 974 2862 reputent.
985 2787 1029 2846 lto
1045 2784 1183 2848 sentiunt
1287 2844 1288 2847 ,

162 2865 302 2943 Habere,
316 2865 461 2941 Concilio,
471 2868 544 2926 Not.
556 2863 700 2927 Alexand.
717 2875 837 2947 uterque
852 2871 962 2930 Toum.
973 2869 1096 2930 toenio.
1107 2869 1184 2932 item

173 2946 296 3030 Sytoest.
314 2950 378 3011 ilio.
401 2956 431 3009 et
451 2949 543 3012 Gabr.
562 2947 646 3031 opud
664 2951 770 3029 noym.
787 2946 820 3011 tt.
841 2969 882 3012 co.
900 2954 936 3013 Et
952 2948 1028 3014 bulo'
1043 2950 1183 3031 opinioni
1287 2962 1288 3025 g

173 3035 250 3095 iuvet
269 3033 370 3095 Sootee
387 3030 418 3094 d.
437 3033 468 3094 7.
485 3041 589 3113 quest.
608 3036 641 3094 ἓ.
655 3033 706 3094 ubi
727 3034 769 3093 nit
784 3055 793 3093 ι
811 3034 1002 3096 iudicaretur
1015 3035 1095 3096 enim
1110 3051 1185 3095 eorr-
1287 3094 1288 3109 p

176 3124 317 3198 temptes,
329 3115 359 3179 oi
373 3115 541 3178 omnimode
555 3115 774 3198 opportunitate
790 3116 889 3180 oblate
901 3136 963 3179 ooo
973 3116 1181 3198 serseiperetur.
1287 3112 1288 3131 ¹

175 3200 234 3261 Alii
252 3198 324 3261 verb
345 3199 422 3262 sorte
444 3198 625 3280 probabilius
646 3201 749 3263 dicunt
769 3209 840 3262 tunc
862 3201 976 3265 tentum
997 3199 1184 3263 intercedere

176 3290 395 3362 contemptum,
407 3284 525 3364 quando
537 3285 603 3365 quis
615 3286 736 3364 negligit
748 3287 1000 3348 confirmationem
1015 3285 1185 3366 suscipere,¹

176 3385 237 3428 non
256 3368 326 3445 quie
341 3367 491 3429 detinetur
511 3366 530 3431 b
548 3368 675 3445 quodem
695 3379 814 3448 torpore
826 3414 834 3443 ,
847 3372 893 3431 vel
912 3368 1185 3442 incommodo,seu

176 3451 246 3526 quio
267 3451 350 3510 illem
367 3453 450 3529 parvi
470 3452 555 3526 iecit3
567 3453 652 3535 pluro¹
672 3454 752 3514 enim
774 3454 850 3515 bono
866 3454 1028 3534 spiritualia
1044 3450 1184 3513 homines

175 3529 253 3605 sepe
270 3530 390 3610 adipisci
409 3537 640 3612 praetermittunt
652 3554 687 3596 ex
702 3538 892 3616 negligentia,
908 3538 972 3598 sine
986 3555 1022 3597 eo
1035 3535 1116 3616 qubd
1128 3536 1183 3598 ilie

177 3616 316 3684 reputent
334 3626 532 3682 contemnere.
547 3621 591 3681 lta
609 3638 675 3681 cem
690 3622 766 3683 Bes.
779 3640 848 3684 moe
870 3622 953 3705 insrd
965 3623 1056 3684 Scor.
1072 3618 1094 3682 t.
1110 3638 1136 3683 o.
1149 3637 1180 3681 e.
