2620 4176
193 258 252 319 112
344 255 410 318 Lid.
427 256 457 316 6.
474 256 570 314 Troct.
584 255 614 313 l.
626 253 671 312 De
683 223 874 314 sacramentis
887 250 920 310 in
930 265 1042 330 neaera.

193 354 337 429 solubile,
352 357 420 434 quia
437 374 522 417 error
540 355 672 434 privatus
690 364 751 413 non
764 352 842 413 tollit
857 352 884 412 ei
898 352 1094 415 intentionem
1110 370 1204 432 gene-

193 442 285 502 ralem
301 438 492 503 contrahendi
506 438 618 512 modo,
627 452 687 517 quo
700 438 799 498 dehet.
857 489 860 496 .

230 534 280 593 25.
294 564 334 578 ·-
354 557 368 586 ιι
388 533 455 593 Dixi
477 532 508 593 1.
526 526 630 593 saltem
657 524 797 592 virtualis
811 554 822 589 .-
837 524 901 589 tum
921 526 990 608 quia
1011 538 1073 591 nou
1091 530 1205 592 sufficit

193 643 206 670 ιι
231 617 471 696 interpretativa,
494 618 541 677 vel
561 614 720 678 habitualis
737 612 842 694 (qualis
864 615 955 675 etiam
976 623 1072 692 potest
1091 619 1204 677 esseio

193 727 207 755 ιι
230 702 314 762 ebrio
338 712 368 761 ct
390 697 586 778 dormiente);
607 699 676 762 edm
698 711 779 761 actus
794 701 832 761 ab
850 718 884 760 ea
901 700 1062 779 procedens
1078 720 1139 760 non
1160 703 1202 762 sit

192 812 206 840 ιι
230 785 377 846 humanus
390 795 419 845 ct
428 786 623 856 deliberatus,
637 805 689 846 seu
699 786 776 848 liber
791 787 823 846 in
841 804 891 845 se:
906 783 971 844 tdm
985 786 1055 864 quia
1065 788 1202 860 actualis,

192 897 206 926 ιι
230 872 288 949 qud
301 872 411 931 scilicet
422 881 489 931 actu
504 871 650 944 intendis,
664 881 694 932 et
705 873 752 932 vis
764 871 820 933 hoc
833 872 943 943 lacere,
959 872 1013 931 atsi
1029 872 1135 932 melior
1146 873 1200 946 sit,

191 980 206 1009 ιι
230 965 260 1015 et
275 956 425 1028 consulta,
440 974 500 1016 non
520 965 620 1016 tamen
639 956 822 1034 nequir-itum
838 954 906 1015 ciam
928 956 1009 1015 enim
1027 974 1060 1014 ea
1082 957 1201 1017 nonsit

191 1065 205 1093 ιι
230 1042 379 1101 innostra
396 1050 557 1118 potestate,
576 1049 607 1101 ct
623 1039 712 1101 homo
727 1038 809 1100 facile
824 1038 1022 1112 distrahatur,
1037 1042 1126 1100 nimis
1141 1043 1201 1102 du·

190 1149 204 1177 ι
229 1142 317 1197 rum,
334 1134 363 1184 et
378 1126 500 1204 plenum
510 1126 655 1203 scrupulis
670 1126 789 1198 suisset,
802 1125 825 1183 si
840 1120 916 1183 hanc
930 1122 1060 1183 Christus
1071 1127 1201 1204 requisi-

90 1256 92 1259 ,
190 1234 204 1263 ιι
228 1210 328 1269 visset.
341 1210 483 1270 Victualis
501 1221 600 1270 autom
619 1210 825 1288 dicitur,quoe
838 1226 875 1269 ex
887 1208 992 1268 actuali
1012 1209 1200 1286 praecedente

191 1318 204 1347 ιι
229 1294 331 1354 relicta
344 1295 433 1355 durat
451 1294 483 1352 in
499 1295 596 1370 aliqua
613 1295 727 1355 actione
739 1295 768 1352 vi
782 1293 862 1352 illius
882 1293 1007 1371 incoepta
1021 1337 1030 1364 ,
1046 1303 1076 1353 et
1100 1297 1199 1356 conti·

191 1403 204 1431 ιι
228 1388 317 1438 nuata
332 1399 340 1437 a
360 1387 394 1438 ut
408 1379 433 1437 si
445 1396 480 1437 ex
491 1378 657 1441 intentione
671 1377 856 1456 baptizandi,
871 1379 916 1437 vel
929 1377 1093 1437 celebrandi
1108 1381 1198 1442 vadas

191 1488 204 1517 ιι
228 1465 265 1522 od
283 1465 458 1533 Ecclesiam,
474 1481 570 1523 moras
582 1473 677 1523 vostea
694 1464 819 1535 induas,
838 1463 875 1523 ad
897 1463 1009 1537 altare,
1031 1465 1078 1522 vel
1097 1464 1199 1541 bapti-

187 1572 203 1601 ιι
227 1547 351 1606 sterium
361 1547 500 1618 accedas,
518 1548 573 1606 etsi
589 1548 711 1607 interim
726 1549 826 1607 omnia
839 1548 1019 1625 aliaoogitcs.
1035 1548 1119 1627 Ratio
1136 1559 1196 1623 est,

189 1655 202 1684 ιι
226 1631 297 1773 {ruia
305 1629 362 1690 hoo
373 1630 497 1704 sufficit,
511 1640 545 1691 ut
556 1633 631 1693 actio
642 1632 692 1691 illa
701 1632 741 1692 sit
749 1629 936 1705 humana,at
947 1631 1076 1692 moralis.
1085 1632 1194 1712 Myce.

188 1740 202 1768 ιι
241 1716 457 1775 anthad·
1156 1736 1160 1739 ·

568 1893 649 1956 iliada
665 1891 809 1956 resolves.-

226 2114 239 2145 ι
262 2093 332 2153 l.Si
353 2093 489 2154 sacerdos
514 2090 626 2152 hahens
648 2091 810 2152 [calcante
832 2108 863 2151 sc
881 2109 987 2168 panem
999 2136 1007 2163 ,
1019 2093 1127 2155 recitet
1146 2095 1194 2155 sa·

186 2188 201 2227 ιι
224 2180 303 2235 ctum
315 2221 323 2248 ,
337 2186 367 2238 et
378 2179 465 2237 verba
480 2176 607 2254 Christi3
621 2194 681 2235 uon
699 2175 766 2236 ided
780 2184 938 2236 consulut.

229 2292 242 2319 ιι
262 2270 291 2328 2.
307 2271 456 2348 lmpotens
473 2270 614 2340 rationis,
630 2266 748 2339 ebrius,
769 2270 816 2328 vel
839 2270 1005 2341 somnians,
1019 2278 1079 2332 uon
1097 2273 1187 2332 confi·

186 2376 199 2402 ι
224 2353 263 2411 cit
282 2364 516 2425 sacramentum,
542 2354 656 2413 etiarnsi
675 2362 743 2412 ante
773 2353 964 2421 ebrictatem,
984 2355 1031 2413 vel
1051 2372 1192 2417 somnum

185 2458 198 2486 ι
224 2436 253 2493 id
272 2436 454 2514 intenderit3
470 2438 538 2515 quia
558 2456 618 2498 non
639 2439 699 2516 agit
722 2436 853 2498 humano
867 2437 966 2497 modo.
980 2440 1086 2518 Loym.
1097 2435 1117 2497 l.
1130 2457 1155 2498 c.
1172 2466 1187 2493 ιι

184 2517 245 2594 (lto
258 2520 547 2582 communitchuor.
567 2523 657 2600 Vosq.
675 2524 747 2582 Con.
765 2529 817 2582 etc.
840 2519 922 2601 opatd
935 2521 1024 2582 Graiu
1036 2518 1057 2583 1.
1072 2522 1101 2581 6.
1112 2540 1144 2601 p.
1157 2526 1189 2584 1.

184 2620 215 2659 ιι.
232 2600 279 2661 dh.
293 2612 396 2664 contra
415 2604 564 2682 cabrera).
634 2606 636 2611 ’

184 2771 191 2781 ‚
227 2716 241 2746 ιι
262 2696 292 2752 5.
309 2696 340 2753 S.
360 2694 533 2755 Athanasius
557 2697 588 2756 in
607 2699 672 2757 lusu
697 2694 804 2776 puerili
828 2697 896 2759 vere
914 2690 1091 2775 baptizavit,
1117 2702 1191 2777 quia

184 2805 198 2833 ιι
222 2775 349 2838 intendit
360 2778 474 2852 iacere,
489 2781 568 2857 quod
581 2782 695 2842 viderat
713 2782 872 2861 intemplo
891 2778 955 2841 fieri
978 2781 1014 2839 ab
1033 2778 1189 2860 Episcopo.

226 2897 240 2925 ιι
259 2874 290 2931 l.
305 2873 464 2932 Hoereticus
476 2872 572 2932 aalide
585 2874 728 2952 baptizat,
744 2883 774 2934 et
790 2872 936 2934 contrahit
951 2875 1191 2948 matrimonium,

184 2982 197 3010 ιι
222 2957 276 3016 atsi
297 2974 357 3016 non
381 2956 481 3016 credat
499 2955 555 3016 hoe
585 2976 647 3017 esse
666 2967 901 3030 sacramentum,
928 2956 1042 3031 rideat,
1063 2966 1093 3015 ct
1116 2962 1191 3017 con-

184 3067 197 3094 ιι
222 3049 356 3102 temnat:
373 3039 434 3100 imd
448 3041 501 3100 etsi
516 3043 592 3102 nolit
607 3043 718 3115 facere,
733 3043 813 3121 quod
833 3042 901 3101 lacit
913 3041 1039 3100 Ecclesia
1052 3054 1189 3116 romana,
1217 3102 1221 3111 ,

183 3124 197 3180 ι
221 3125 271 3185 scd
290 3125 369 3203 quod
381 3143 431 3184 sua
445 3147 454 3200 3
467 3123 538 3185 salsd
556 3136 662 3203 putans
684 3146 745 3187 non
767 3145 938 3197 romanam,
952 3126 1003 3184 aed
1020 3142 1103 3184 suam
1125 3142 1192 3186 esse

184 3235 197 3262 ιι
222 3228 343 3284 vcram3
363 3209 416 3267 etsi
439 3210 528 3267 etiarn
554 3228 608 3286 per
624 3208 679 3269 hoc
696 3211 770 3271 nolit
795 3208 920 3270 coulcrr‘i
939 3210 1076 3286 gratiam.
1100 3200 1191 3270 Ratio

184 3318 197 3344 ιι
222 3302 286 3364 est,
308 3292 376 3369 quia
391 3293 516 3352 intentio
537 3295 699 3370 generalis,
718 3295 776 3371 quia
788 3295 853 3352 vult
865 3291 944 3370 quod
959 3291 1090 3351 Christus
1103 3292 1191 3353 insti·

185 3400 197 3427 ι
221 3376 295 3446 tuit,
321 3376 459 3452 praevalet
483 3377 640 3435 intentioni
662 3377 846 3454 provenienti
875 3392 912 3433 ex
936 3390 1039 3434 errore
1057 3375 1189 3451 privato.

183 3481 196 3506 ιι
221 3460 299 3517 Βοιι.
317 3475 347 3535 q.
361 3458 389 3515 5.
400 3476 434 3538 p.
449 3461 478 3518 l.
491 3477 524 3517 n.
539 3461 568 3517 9.
583 3460 671 3518 Sator.
689 3457 760 3518 Fili.
775 3467 827 3519 etc.

225 3569 239 3595 ιι
259 3549 288 3604 5.
307 3549 373 3606 Non
391 3549 478 3607 debat
495 3558 629 3626 repetere
646 3550 701 3610 sub
723 3551 892 3610 conditione
913 3551 1190 3623 consecrationem,

181 3645 194 3671 ”
220 3627 270 3697 ‘llll
283 3629 315 3686 in
328 3629 390 3704 ipsa
403 3630 458 3690 luit
471 3632 626 3697 distractus
640 3658 652 3687 ι
670 3633 758 3710 (Vide
775 3633 854 3696 dicto
869 3634 1080 3716 orprandi.)
1102 3658 1116 3686 ιι
1139 3636 1191 3695 vel
