2610 4186
281 249 353 330 Cep.
365 250 394 310 9.
411 250 458 311 De
473 247 610 311 ministro
621 255 880 312 sacramentorum.
893 208 970 311 Dccb.
985 249 1020 327 h.
1094 247 1153 312 269

149 352 281 413 assistere
301 350 353 411 tali
378 349 576 410 matrimonio.
602 351 747 427 Favetquc
776 350 859 409 nobis
888 351 1044 410 auctoritas
1067 352 1150 410 Sum.

149 437 236 495 l‘ont.
248 430 358 507 Rened.
372 434 422 493 XI
427 435 462 493 l'·
477 433 510 492 in
524 429 591 493 tttr.
608 431 642 493 dc
653 434 726 512 Sym.
741 431 762 491 l.
780 434 809 492 7.
823 452 848 492 c.
862 434 910 493 ἓξ).
926 434 977 493 ubi
992 433 1033 493 sic
1045 433 1148 492 docet:

151 516 294 591 Qammoa‘a
320 513 415 596 jecto
438 517 661 576 communiorem
690 515 840 595 mopiaqne
868 523 1010 594 receptam
1039 522 1153 576 scateo·
1198 530 1207 539 ·

150 589 226 652 tiam
239 610 300 654 oon
314 592 355 652 sit
368 590 533 671 (parochus)
542 591 726 652 matrimonii
731 591 885 666 minister,
906 599 1003 652 tomam
1020 591 1053 651 io
1076 589 1154 651 mut-

149 667 189 728 tis
212 675 403 749 comparetur
425 666 580 737 ntinistro,
597 686 647 727 nec
671 665 747 727 tiene
769 672 826 727 amo
847 669 1007 804 procreatio
1030 665 1152 744 firmare

147 751 243 821 potest
263 752 551 823 contrectmo2,qucm
568 745 623 804 scit
637 741 848 803 cicontrelteota'
865 760 900 804 ns
911 739 1049 822 socriiepe
1068 743 1149 805 iniri.

148 827 234 886 Ratio
248 836 355 886 nostrae
369 827 519 885 sentcntiae
536 836 597 894 est,
620 826 684 885 tinn
703 826 770 902 quin
790 825 908 902 de‘jure
924 828 1050 887 naturali
1064 845 1151 888 nemo

148 919 245 986 potest
257 911 405 986 cooperari
419 919 534 986 peceato
548 911 674 986 proximi
687 953 695 977 ,
710 910 822 968 etiamsi
842 911 916 969 alter
930 919 1079 988 peccatum
1089 911 1152 987 jam

148 991 266 1054 interne
286 994 550 1063 consummaverit,
577 1003 666 1070 prout
689 992 818 1051 diximus
840 992 875 1054 dc
895 992 1036 1054 charitate
1049 994 1100 1059 lib.
1120 998 1151 1056 5.

148 1095 232 1136 num.
244 1070 294 1136 47.
310 1079 352 1136 lta
373 1095 427 1136 nec
439 1075 582 1154 parochus
593 1077 624 1135 in
637 1084 737 1135 nostro
750 1094 834 1153 casu3
851 1074 915 1137 tiam
930 1079 997 1154 quia
1011 1076 1152 1155 parochus

149 1169 268 1221 tenetur
282 1179 318 1220 ex
337 1159 469 1236 justitia,
486 1178 521 1219 cx
545 1169 695 1220 contractu
720 1161 794 1219 inito
816 1180 883 1221 cum
905 1163 1114 1224 communitate
1134 1163 1151 1224 h

148 1263 206 1325 qua
227 1243 405 1324 stipendium
424 1245 548 1321 accipit,
562 1244 733 1303 incumbere
753 1245 839 1303 saluti
859 1245 1004 1321 spirituali
1031 1264 1151 1310 suarum

148 1329 264 1396 ovium,
279 1346 330 1387 eas
342 1327 501 1386 avertendo
519 1326 682 1404 apeccatis.
699 1330 758 1388 Nec
772 1328 846 1387 valet
864 1328 961 1388 dicere
972 1372 980 1399 ,
991 1328 1070 1406 qubd
1082 1350 1152 1393 cou-

148 1408 296 1471 trahentes
308 1409 493 1487 habentius,
506 1416 540 1469 ut
551 1408 693 1487 parochus
706 1428 809 1470 eorum
825 1412 1014 1473 matrimonio
1027 1415 1151 1476 assistat.

147 1495 222 1554 Nam
247 1493 482 1572 respondetur'l.
506 1493 586 1571 qubd
603 1512 689 1553 nemo
704 1503 798 1571 potest
810 1493 920 1554 hahere
937 1494 1040 1572 jasad
1061 1501 1153 1562 actio·
1204 1563 1209 1572 ,

146 1596 216 1638 nem
240 1579 271 1638 in
298 1597 355 1656 qua
382 1579 577 1638 committitur
600 1587 761 1655 peccatum.
788 1579 993 1657 Respondetur
1020 1583 1050 1641 2.
1072 1583 1151 1661 quod

146 1665 244 1740 sponsi
262 1664 293 1723 in
308 1672 424 1723 tantum
444 1661 553 1723 habent
561 1662 611 1740 jus
623 1664 659 1722 ad
670 1665 860 1724 assistentiam
872 1664 991 1742 parochi
1004 1711 1012 1739 ‚
1026 1667 1152 1746 inquan-

146 1754 211 1805 tum
225 1745 274 1805 hic
289 1755 407 1806 tenetur
420 1764 455 1806 ex
474 1747 570 1807 officio
584 1747 754 1806 incumbere
768 1766 872 1807 eorum
893 1749 972 1810 bono
984 1751 1151 1828 spirituali3

145 1829 241 1902 unde,
257 1829 324 1891 cina
341 1833 372 1890 in
385 1830 440 1892 boc
450 1830 569 1908 parochi
583 1833 742 1891 assistentia
756 1850 816 1890 non
829 1833 1017 1892 conferretad
1027 1834 1150 1909 bonum,

144 1913 198 1974 scd
220 1914 256 1974 ad
280 1916 412 1993 ipsorum
433 1917 549 1974 ruinam
570 1936 578 1973 :
602 1913 711 1975 idcireb
729 1932 826 1991 neque
844 1915 941 1991 sponsi
954 1913 1003 1991 jus
1019 1914 1128 1977 hahent
1141 1921 1161 1992 ,'

68 2018 70 2021 ’
145 2016 243 2076 neque
264 1997 408 2076 parochus
424 2008 542 2058 tenetur
558 1999 711 2072 assistere;
728 1997 788 2057 imb
808 1996 896 2055 debet
918 2014 1001 2055 suam
1017 1999 1151 2060 assisten-

144 2084 219 2142 tiam
231 2099 353 2160 negare,
368 2081 436 2142 cinn
449 2083 594 2160 praecipua
610 2080 672 2157 ejus
684 2079 823 2158 obligatio
833 2080 870 2138 sit
885 2080 1028 2157 impedire
1037 2092 1151 2157 peccata

144 2165 388 2226 oviumsua'rum.
403 2169 438 2225 Et
461 2166 540 2244 quod
564 2165 690 2224 dicimus
704 2164 740 2222 de
757 2162 903 2240 parocho,
931 2162 1089 2222 dicendum
1108 2175 1152 2227 est

144 2249 235 2309 ctiam
247 2249 284 2308 de
300 2250 423 2321 testibus
435 2273 443 2326 3
457 2251 508 2328 qni
522 2249 703 2309 tamen-satis
722 2245 958 2307 excusarenturh
973 2256 1090 2324 peccato
1102 2293 1111 2324 ,
1125 2251 1150 2310 si

144 2332 311 2391 assisterent
333 2334 422 2392 eoacti
438 2342 518 2392 metu
537 2333 639 2410 gravi,
662 2329 730 2391 calm
751 2332 805 2408 ipsi
824 2340 894 2390 non¹
906 2338 1078 2403 teneantur,
1093 2333 1150 2394 nisi

144 2431 182 2472 cx
197 2412 354 2486 charitate,
370 2417 515 2493 impedire
523 2425 684 2492 peccatum.
703 2412 849 2474 parochus
861 2423 958 2473 autem
968 2414 1054 2473 etiam
1064 2433 1152 2476 excu-

143 2498 202 2556 sari
219 2508 313 2574 potest
324 2498 361 2558 ad
376 2500 525 2559 vitandam
544 2509 688 2571 mortem,
709 2499 755 2556 vel
768 2498 823 2556 alia
842 2499 975 2575 graviora
990 2499 1065 2558 mala
1077 2517 1152 2561 com·

142 2582 315 2653 munitatis,
328 2584 375 2642 vel
390 2585 521 2662 ipsorum
534 2582 789 2652 contrahentium,
809 2581 878 2659 path
892 2601 928 2642 nc
948 2585 1001 2662 ipsi
1017 2603 1152 2662 perseve-

141 2675 211 2725 rent
223 2666 253 2725 in
265 2677 392 2744 peccato.
406 2670 547 2726 Praeterea
562 2668 631 2727 satis
647 2667 849 2726 excusanturb
864 2668 948 2745 culpa
962 2668 1099 2745 parochi,
1117 2678 1151 2730 ut

143 2749 187 2807 ait
199 2749 345 2828 lupono.
360 2769 392 2809 n.
404 2752 434 2810 8.
449 2751 499 2828 qui
522 2749 660 2808 assistunt
676 2751 878 2821 ‚matrimoniis
895 2749 1101 2812 baereticorum
1119 2753 1151 2812 in

142 2831 216 2891 locis
231 2833 282 2893 ubi
292 2841 336 2893 est
346 2835 546 2906 consuetudo,
564 2843 594 2894 et
609 2835 694 2894 mixti
712 2842 782 2894 sunt
795 2833 923 2895 haeretici
944 2855 1012 2896 cum
1031 2835 1152 2896 catholi-

142 2914 204 2986 cis,
217 2915 301 2991 juxta
316 2937 385 2978 mox
403 2917 524 2977 dicenda
538 2920 570 2977 in
582 2936 612 2996 q.
624 2936 685 2997 seq.

183 3002 303 3061 Certum
321 3010 366 3061 est
386 3011 501 3070 tamen,
520 3000 599 3078 qubd
619 3000 736 3078 parochi
764 3003 796 3062 in
819 3003 1014 3061 matrImoniis
1033 3011 1149 3062 contra·
1178 2999 1179 3004 ’

142 3080 248 3142 hendis
264 3091 404 3145 tenentur
420 3102 454 3142 ex
472 3083 567 3143 officio
579 3085 743 3160 inquirere,
765 3102 802 3142 an
815 3085 907 3142 subsit
922 3085 1039 3160 aliquod
1054 3086 1149 3162 impc-

141 3165 311 3228 dimentum
322 3212 330 3240 ,
342 3176 371 3227 et
386 3168 410 3226 si
424 3166 615 3244 probabiliter
627 3166 701 3226 illud
722 3168 838 3227 subesse
847 3166 998 3241 judicent,
1014 3174 1151 3228 tenentur

141 3265 226 3307 suam
242 3250 435 3310 assistentiam
456 3249 615 3326 denegare,
638 3258 668 3307 ct
680 3251 796 3326 nuptias
809 3258 925 3317 vetare,
940 3249 1033 3307 donec
1049 3251 1151 3313 saltem

141 3349 196 3408 per
209 3332 398 3393 Ordinariam
412 3333 601 3403 decernatur,
613 3333 683 3410 quid
698 3330 736 3391 sit
754 3331 910 3408 agendum.
922 3333 964 3390 lta
983 3331 1090 3391 Sorech.
1111 3333 1146 3394 clo

140 3422 235 3473 naotr.
253 3411 275 3474 l.
291 3417 321 3474 5.
334 3416 364 3476 d.
381 3419 429 3476 tt.
441 3435 474 3475 n.
489 3417 518 3476 8.
533 3415 622 3476 Coeia
636 3413 658 3474 l.
673 3416 702 3474 a.
718 3432 752 3494 p.
766 3417 795 3473 l.
810 3432 843 3472 n.
858 3414 926 3472 ill.
945 3416 1105 3495 cthpod.
1118 3420 1149 3478 8.

141 3516 173 3557 n.
186 3500 257 3557 205.
270 3515 338 3558 cum
349 3498 420 3559 teo.
434 3502 511 3579 Vepa
524 3543 532 3569 ,
546 3497 657 3561 et'oh‘c's
671 3516 774 3559 eornm.
790 3501 864 3558 ltem
873 3499 912 3557 ait
923 3501 1003 3579 Lupo
1016 3496 1037 3557 l.
1053 3519 1152 3562 ccccm

142 3581 249 3642 Cmin.
263 3581 376 3660 (contra
392 3583 473 3661 alios)
488 3580 568 3666 quhd
579 3585 604 3644 si
617 3583 792 3643 Ordinarius
805 3581 1050 3645 hahctscientiam
1062 3586 1151 3681 impo-

930 3670 992 3730 23..
