2602 4198
1096 18 1219 31 Vffffirfj

361 257 434 336 Βίῳ.
449 254 478 313 2.
491 255 535 314 De
548 249 776 332 confirmatore.
792 253 871 316 Dub.
885 256 915 317 5.
1078 258 1133 322 lli

21 386 22 389 ¹
128 354 315 435 confirmatio
337 361 379 415 est
395 352 431 414 tle
451 351 618 414 nucsaitote
634 348 762 425 salutis,-
775 353 909 433 quamuis
924 355 1138 437 uueeaposait

21 454 23 461 ’
126 436 378 513 «caecutientem
389 436 1139 522 tameooonprtctermittotureccoutemptuaacra·

128 523 235 586 ruenti.
251 526 328 586 itam
344 521 377 584 in
392 523 425 582 t.
443 519 472 582 d.
490 522 520 603 7„
541 539 594 603 qu.
614 522 645 581 l.
664 541 695 581 a.
715 523 746 582 l.
764 523 1052 604 porrectisque
1065 544 1135 587 con·

22 642 25 647 ·
127 607 258 670 lirmotio
274 614 319 668 est
337 603 497 667 necessaria
520 623 580 666 non
595 605 788 679 adsalutem,
805 607 857 670 aed
871 607 910 668 ad
929 609 1135 689 perfectionem

126 691 249 762 salutis,
265 689 342 752 sicca
358 705 451 769 equus
468 686 508 751 od
531 685 767 763 ambubaiam,
786 698 817 753 et
837 690 982 755 medicina
1004 690 1045 753 aa
1063 692 1135 755 aaut

127 772 297 837 uiuendum.
316 771 466 849 Additque
490 773 588 851 aliqua
607 782 786 834 sacramenta
812 792 874 837 osse
893 775 933 836 ita
956 776 1133 852 necessaria,

130 868 165 919 ut
183 858 247 919 aine
263 857 323 917 illis
342 854 454 934 (homo)
468 873 528 915 non
542 858 633 935 possit
648 857 680 917 in
696 857 841 936 spirituali
853 858 912 921 vita
929 859 1045 935 vivere,
1059 859 1134 922 sicut

128 950 174 1003 eat
190 939 371 1018 baptismus,
385 947 416 999 et
428 940 597 1016 poenitentio
609 962 617 999 ε
630 938 766 1019 quadam
777 949 875 1002 autem
886 940 950 1002 siue
960 942 1065 1022 quibus
1074 960 1135 1005 nou

123 1030 223 1105 pateat
236 1022 373 1101 consequi
394 1019 524 1101 aliquem
543 1021 696 1101 affectum,
713 1024 767 1105 qui
784 1031 826 1085 eat
848 1022 889 1085 ad
907 1022 976 1085 beot
992 1043 1050 1086 esee
1071 1023 1135 1105 api-

127 1103 249 1167 ritualia
267 1104 355 1181 vitoe;
371 1113 401 1166 et
417 1103 470 1166 boc
488 1105 574 1167 ruodo
592 1105 795 1187 confirmatio,
816 1116 844 1168 et
862 1108 963 1171 omnia
985 1105 1048 1169 alia
1062 1115 1135 1170 suut

129 1190 306 1251 cocomario.
317 1192 522 1251 Verumtamen
535 1198 715 1274 contemptur
733 1188 886 1272 cujuslibet
903 1192 1080 1254 sacramenti
1091 1198 1135 1253 eat

126 1268 317 1352 periculosae.
334 1271 447 1333 Clarius
465 1274 495 1334 id
509 1274 664 1335 confirmat
675 1277 707 1335 in
722 1277 769 1335 cit.
779 1277 939 1357 putrebit.
949 1282 1008 1336 art.
1018 1274 1132 1338 &aab

127 1354 1038 1436 abiait:EtidciHupoctS.Viet.dicit:Omninbpericulosum
1046 1367 1132 1434 esset,

125 1439 150 1500 si
169 1456 205 1499 ex
222 1437 276 1499 hae
293 1440 354 1500 vita
373 1439 436 1498 sine
457 1439 680 1501 eoniirm'atione
701 1443 828 1520 migrare
848 1444 1052 1521 contingerem
1071 1458 1133 1503 oon

127 1524 201 1604 quia
221 1519 433 1599 damnaretur,
455 1521 516 1583 ursi
536 1520 613 1603 [orte
632 1532 752 1606 propter
770 1533 963 1608 contemptum
976 1568 985 1599 ,
998 1522 1049 1586 scd
1060 1524 1133 1606 quia

126 1603 333 1667 detrimentum
349 1604 537 1686 perfectionis
551 1613 711 1686 pateretur.
723 1611 782 1670 Nee
798 1609 1043 1672 dissentitScotue
1055 1611 1088 1670 iu
1100 1609 1131 1670 b.

126 1685 489 1770 attentationis
501 1691 647 1751 Extrema
658 1690 758 1752 unctio
768 1701 810 1753 eat
819 1690 956 1754 instituta
968 1692 988 1752 a
1003 1689 1131 1770 cbristo,

127 1780 156 1833 et
173 1772 407 1854 confirmationis
427 1784 662 1852 sacramentum,
678 1785 707 1837 et
726 1785 824 1838 tumere
846 1785 984 1841 peretrum
1002 1785 1045 1841 est
1061 1776 1134 1841 tim·

121 1855 244 1939 ,pliciter
262 1856 477 1959 reponsorium,
493 1876 545 1920 occ
563 1867 607 1920 eat
620 1869 800 1940 preceptum
817 1859 852 1922 de
873 1860 947 1940 isto,
962 1857 1008 1923 oet
1026 1859 1078 1922 ttto
1092 1878 1133 1924 re

124 1942 156 2003 ci
177 1941 273 2005 icardo.
589 1989 592 1995 ·

152 1963 275 2090 plliount
294 2028 385 2107 igitur
404 2029 532 2090 fautores
551 2025 643 2105 hujus
658 2028 810 2089 sententia
831 2045 892 2088 uon
907 2026 1008 2089 adema
1026 2025 1063 2089 de
1076 2022 1132 2092 hoe

124 2121 306 2173 sacramento
328 2113 512 2194 suscipiendo
535 2113 630 2172 ullum
655 2121 835 2192 praeceptum
851 2129 954 2190 nequo
977 2113 1130 2188 naturale,

127 2212 224 2275 neque
243 2196 414 2275 positivum.
428 2192 660 2272 bonoratorum,
674 2195 743 2275 quia
764 2194 833 2257 licet
845 2190 977 2257 Christus
989 2195 1132 2279 Dominus

118 2277 185 2340 ,boe
202 2289 419 2340 sacramentum
436 2280 598 2340 instituerit
618 2288 769 2358 tamquam
783 2279 928 2358 peculiare
944 2276 1075 2342 medium
1093 2278 1132 2343 ad

118 2362 286 2427 ‚vincendas
298 2362 429 2424 bostium
442 2364 580 2437 insidias,
595 2373 694 2425 tamen
706 2366 762 2425 alia
777 2372 847 2425 sunt
858 2360 1003 2443 generalia
1017 2361 1130 2438 media,

124 2455 216 2526 prout
228 2447 366 2528 frequens
375 2448 562 2508 Eucharistiae
573 2450 737 2527 perceptio,
747 2449 840 2509 oratio
850 2490 858 2520 ‚
870 2445 1060 2526 poenitentia,
1074 2455 1130 2511 etc.

125 2530 234 2607 quibus
251 2531 345 2593 robur
367 2531 473 2591 animae
494 2532 582 2592 etiam
606 2531 734 2594 obtineri
756 2537 861 2609 potest.
873 2530 933 2591 Neo
949 2527 1129 2609 positivum,

127 2612 196 2691 quia
212 2613 320 2675 nullibi
335 2614 394 2673 tolo
406 2622 587 2691 praeceptum
599 2616 747 2692 reperitur
763 2630 943 2692 expressum.
958 2611 1035 2674 lllud
1050 2613 1131 2675 enim

125 2693 208 2773 quod
228 2703 274 2760 est
292 2696 325 2756 iu
344 2696 409 2757 Act.
433 2693 488 2757 loa.
508 2698 558 2758 cit.
577 2697 751 2776 intelligitur
775 2697 870 2757 luisse
885 2695 989 2758 datum
1015 2693 1131 2758 tautum

125 2778 280 2857 apostolis,
295 2786 329 2840 ut
345 2779 402 2858 ipsi
424 2778 564 2857 peculiari
587 2780 677 2842 modo
690 2776 834 2859 Spiritum
852 2780 883 2841 S.
898 2780 1078 2859 acciperent,
1100 2787 1131 2842 et

126 2862 418 2941 tamquamlleelesiae
427 2863 596 2925 fundatores
605 2863 803 2925 ministerium
813 2862 1027 2942 predicationis
1036 2879 1132 2941 aggre-

125 2946 269 3009 darentur
289 2946 407 3009 nonnisi
423 2949 639 3024 supernaturali
659 2948 778 3009 scientia
790 2990 799 3018 ‚
810 2956 840 3007 et
851 2945 936 3009 donis
948 2943 1129 3025 prophetia,

126 3029 316 3110 linguarum,
330 3049 364 3092 ae
379 3028 590 3095 miraculorum
603 3031 729 3109 praediti.
743 3032 807 3093 Alia
827 3039 924 3092 autem
938 3048 1003 3108 quaa
1019 3026 1131 3089 haben·

126 3121 177 3175 tur
195 3111 229 3175 in
245 3132 271 3177 c.
294 3117 416 3191 omues,
431 3119 540 3174 etcart.
554 3114 729 3194 spirituas.
743 3124 777 3176 ut
796 3111 905 3192 supra,
926 3112 1131 3191 intelliguntur

125 3215 187 3258 nou
204 3197 243 3259 de
255 3199 424 3260 necessitate
442 3201 579 3277 praecepti
597 3198 634 3258 ad
652 3198 792 3270 salutem,
806 3196 856 3258 sed
869 3198 906 3257 ad
919 3196 1130 3277 perlectionem

124 3280 247 3355 salutis,
262 3291 297 3344 ut
309 3282 445 3346 docetD.
461 3280 515 3345 Tb.
527 3279 610 3359 cujus
629 3282 814 3361 perfectionis
826 3282 1054 3358 detrimentum,
1069 3281 1131 3341 siva

125 3361 322 3442 privationem
336 3366 377 3427 ait
387 3383 446 3428 uon
459 3365 598 3428 iuducere
606 3364 840 3427 damnationem:
854 3364 1037 3426 confirmatio
1050 3364 1130 3424 enim

126 3464 189 3509 uon
200 3448 298 3512 reddit
307 3449 458 3513 bominem
468 3442 629 3530 perlectum
641 3451 831 3529 simpliciter,
842 3457 872 3508 et
887 3447 983 3527 quoad
996 3448 1131 3507 substan·

127 3531 219 3605 tiam,
234 3533 313 3612 quod
329 3542 374 3595 cst
390 3534 479 3601 solius
498 3533 658 3612 baptismi,
678 3534 727 3594 aed
747 3533 843 3612 quoad
865 3532 1009 3591 uberioris
1028 3530 1130 3607 pratiae

127 3616 365 3697 pmrroptiouent,
384 3616 447 3677 sito
467 3615 502 3677 ml
524 3617 628 3679 molins
640 3616 879 3697 cssespiritualc,
897 3610 1025 3760 ad5rpuad
1038 3610 1129 3675 homo
