2620 4176
304 190 378 267 Gap.
392 187 421 246 8.
433 186 477 246 De
489 184 626 246 otioistro
641 194 900 252 sacramentorum.
911 188 990 251 Dub.
1001 190 1031 253 1.
1110 191 1170 255 att

157 286 324 353 annatim.
337 288 420 349 Idem
437 288 527 349 ctiam
546 298 659 349 certum
677 298 722 348 cst
740 288 818 366 apud
830 302 932 348 omnes
945 308 1013 349 cum
1023 292 1054 351 S.
1067 289 1169 353 Tbom.

156 378 190 436 5.
208 382 290 456 part.
308 388 359 453 qu.
378 374 428 432 64.
443 392 473 432 6.
494 374 524 432 8.
547 371 729 433 6615116116
748 374 778 431 S.
798 374 952 433 Ductoris:
975 372 1031 434 Sed
1044 373 1096 434 boe
1110 375 1172 450 (aci-

157 459 233 518 licct
248 458 401 516 actualiter
415 455 576 532 attendere]
592 475 653 515 nou
666 463 708 516 eat
721 453 851 515 totaliter
861 455 992 536 positum
1001 458 1034 517 io
1044 456 1172 519 bominis

155 550 320 624 potestate,
338 541 412 621 quia
428 549 538 621 prater
552 540 762 614 intentionem,
779 541 846 603 calm
857 539 943 603 bomo
957 540 1023 603 uult
1041 539 1169 602 multum

158 624 332 702 intendere,
346 625 452 706 incipit
473 623 538 685 alio
553 625 690 706 copitare.

204 712 254 771 18.
265 743 304 756 -
316 711 540 769 Dicendumlli.
556 711 706 784 sufficere,
721 719 755 770 ut
766 710 902 770 minister
913 709 1017 771 habeat
1032 711 1171 770 intentio-

163 813 238 856 nem
263 791 419 854 virtualem
429 817 441 869 ‚·
462 796 530 871 quia
555 794 698 872 perhanc
715 795 767 853 ille
791 793 860 855 vere
880 804 1018 872 operatur
1038 793 1169 855 humano

161 880 274 949 modo,
291 877 359 938 cum
371 880 438 937 talis
450 879 576 939 intentio
586 879 623 936 sit
633 896 701 937 vera
714 896 797 936 causa
811 879 943 937 actionis.
956 878 1047 954 quue
1060 880 1172 955 pariter

161 979 342 1032 commune,
357 971 387 1020 et
404 971 518 1021 certum
537 970 583 1020 est
601 976 669 1020 cum
682 963 771 1021 Sutor.
787 958 808 1020 l.
827 981 852 1022 c.
876 964 960 1021 Goot.
984 964 1094 1021 Teura.
1117 958 1170 1021 loc.

160 1043 362 1108 6116611618.
384 1047 598 1106 6661616168.
615 1064 649 1125 p.
668 1047 717 1106 86.
732 1065 764 1104 6.
790 1048 820 1104 4.
837 1048 920 1125 Lupo
938 1044 973 1106 de
995 1060 1072 1105 sacr.
1087 1044 1118 1105 d.
1140 1048 1170 1105 8.

159 1149 198 1189 ri.
227 1130 276 1188 74.
304 1131 378 1209 Wip.
398 1138 437 1189 tr.
464 1131 515 1188 11.
543 1149 574 1189 a.
597 1132 647 1189 58.
668 1148 696 1190 r.
713 1126 842 1190 811616.
862 1137 884 1188 1.
916 1133 945 1191 8.
963 1150 997 1210 p.
1019 1131 1049 1188 6.
1069 1148 1101 1188 o.
1120 1132 1169 1189 88.

160 1210 577 1275 86166611648116666.
595 1215 665 1293 56.
685 1215 715 1272 5.
730 1222 759 1273 61
775 1209 832 1270 alii
850 1230 886 1271 cc
908 1215 950 1272 D.
969 1210 1171 1274 11616661

160 1298 208 1356 sic
229 1296 335 1356 docet:
352 1294 494 1357 16111116
514 1296 568 1375 qui
582 1293 667 1357 aliud
685 1300 814 1376 copitat,
827 1313 889 1363 nou
903 1292 1010 1358 babeat
1028 1293 1172 1356 actualem

161 1379 376 1451 intentionem,
398 1379 485 1442 babet
503 1388 601 1440 tameo
620 1377 816 1455 habitualem,
829 1398 895 1460 quea
908 1377 1017 1460 sufficit
1028 1379 1172 1461 adpersi-

160 1464 289 1525 ctiooem
299 1465 487 1535 sacramenti.
501 1467 559 1526 Pro
573 1466 738 1526 intentione
750 1474 849 1526 autern
859 1463 1008 1526 habituali
1020 1469 1050 1525 S.
1062 1469 1171 1527 Ductor

162 1548 215 1609 iric
235 1552 299 1610 sine
320 1550 411 1611 dubio
431 1550 571 1627 inteiligit
588 1551 761 1621 virtualem,
783 1570 852 1610 nam
869 1550 1037 1611 immediati
1051 1551 1115 1628 pbst
1130 1554 1171 1612 sic

160 1632 263 1693 subdit
276 1656 284 1692 ι
301 1635 382 1694 Puta·
401 1633 467 1694 cim
479 1631 611 1695 sacerdos
630 1635 738 1696 accedit
748 1634 789 1695 ad
798 1633 1029 1714 baptizandum,
1044 1634 1172 1695 ircteudit

160 1714 259 1796 facere
278 1716 357 1778 61666
375 1715 589 1797 baptizandum
601 1717 680 1797 quod
690 1716 767 1798 facit
782 1717 929 1791 Ecclesia,
943 1718 1022 1781 uode
1032 1718 1061 1779 ci
1069 1726 1171 1799 poctea

163 1800 200 1860 in
220 1802 286 1881 ipso
309 1801 445 1862 exercitio
464 1804 548 1862 actile
567 1803 703 1882 capitatio
722 1803 785 1884 ejua
807 1801 848 1863 aa
870 1802 933 1863 alia
953 1812 1112 1883 rapiatur,
1134 1822 1170 1864 66

161 1883 270 1945 virtute
285 1885 377 1964 (nota)
390 1887 494 1965 priora
507 1885 678 1946 intentionis
689 1886 842 1966 perficitur
852 1894 1081 1946 sacramentum.
1096 1890 1171 1948 Hine

161 1967 242 2029 rcctb
256 1968 360 2029 dicunt
381 1969 458 2030 Viva
470 1976 530 2028 art.
545 1970 575 2027 4.
594 1986 677 2028 rcum.
692 1971 721 2028 6.
735 1977 764 2028 61
782 1970 871 2028 Croix
887 1966 938 2030 lib.
952 1973 983 2029 6.
995 1988 1028 2048 p.
1040 1971 1069 2028 1.
1080 1988 1110 2028 u.
1120 1972 1168 2029 59.

162 2071 229 2113 cum
248 2050 370 2133 ribellas,
391 2051 535 2114 Gamacb.
567 2054 744 2128 atticum,
765 2050 846 2129 qubd
879 2054 1034 2124 minister,
1058 2055 1110 2130 qui
1133 2053 1170 2113 de

163 2155 247 2197 more
259 2138 481 2215 ponitactiones
499 2137 654 2213 requisitas
666 2136 703 2196 ad
719 2143 953 2206 sacramentum,
969 2135 1025 2197 nisi
1042 2135 1170 2195 debitam

162 2222 359 2281 intentionem
379 2219 504 2299 positivi
522 2221 674 2291 excludat,
690 2219 895 2298 imprudenter
917 2219 955 2279 de
977 2237 1012 2278 ca
1031 2219 1168 2288 dubitat,

162 2305 231 2381 quia
248 2305 352 2364 saltem
365 2305 431 2364 vuit
449 2305 543 2364 facere
558 2304 638 2381 quod
650 2306 722 2364 aliis
736 2305 827 2375 solet,
840 2312 871 2363 et
886 2304 965 2381 quod
979 2303 1030 2361 alii
1042 2305 1169 2363 ministri

161 2387 284 2447 seiciunt.
300 2388 398 2463 Adde,
413 2389 481 2465 quia
502 2407 556 2466 per
575 2386 632 2447 hoc
652 2387 732 2467 qubd
752 2388 901 2466 cognoscit
924 2388 1068 2446 actionem
1090 2382 1169 2447 iliam

161 2488 225 2531 csse
234 2490 345 2533 sacram
355 2515 364 2543 ,
375 2482 406 2532 61
416 2472 524 2533 frustri
537 2491 597 2531 non
608 2473 695 2550 poni,
708 2471 835 2532 exerciti
848 2472 976 2531 intendit
987 2488 1050 2530 eam
1061 2489 1170 2550 ponere

158 2553 243 2631 juxta
260 2556 353 2616 finem
366 2576 453 2617 suum
464 2600 473 2630 ‚
486 2567 520 2618 ut
543 2556 635 2633 Viuo,
649 2564 676 2616 et
692 2558 780 2617 Croia
792 2575 860 2616 cum
875 2559 964 2636 Vaaq.
986 2553 1008 2616 l.
1025 2575 1050 2617 6.
1073 2558 1169 2629 Quare

161 2641 320 2702 advertunt
342 2639 485 2703 Bellorm.
505 2640 632 2722 chriq.
657 2644 763 2720 Graiu,
783 2651 812 2702 et
834 2641 909 2702 Viva
928 2640 1001 2704 ibid.
1026 2660 1085 2702 uon
1109 2660 1170 2704 esso

162 2744 252 2803 opus,
272 2735 307 2787 ut
329 2729 466 2789 minister
484 2746 556 2799 ore,
572 2729 619 2787 vel
632 2728 720 2789 corde
737 2725 845 2787 reflexi
864 2729 941 2788 dicat
960 2745 993 2787 se
1015 2727 1169 2789 intendere

161 2809 307 2870 conficere
321 2822 556 2895 sacramentum,
575 2810 626 2871 sed
647 2812 781 2872 sufficere
800 2820 834 2871 ut
849 2813 889 2873 sit
905 2813 1005 2874 auimo
1022 2830 1168 2889 presens,

161 2900 193 2950 ct
207 2893 320 2955 attente
331 2896 417 2956 saciat
433 2896 463 2955 id
481 2895 560 2974 quod
575 2896 653 2955 iacit.

138 2996 143 3003 ·
201 2977 249 3035 19.
264 3009 301 3023 -
322 2977 435 3039 Sufficit
451 2979 541 3040 ctiam
567 2979 693 3041 intentio
715 2982 844 3041 ministri
866 2988 984 3050 coacta,
1006 2980 1067 3039 eive
1088 2989 1169 3039 metu

161 3068 294 3133 extorta,
320 3067 517 3142 preterquam
538 3064 570 3122 in
590 3063 1170 3136 1666166616,61166116166616616

161 3161 196 3201 ri.
210 3146 259 3203 60.
273 3147 392 3226 611696
407 3146 439 3207 d.
458 3150 488 3206 o.
508 3166 540 3207 o.
562 3149 631 3206 151.
645 3148 714 3224 quia
730 3157 827 3207 metus
847 3164 907 3206 nou
930 3145 1009 3206 tollit
1032 3145 1169 3203 volunta-

129 3248 131 3251 ’
161 3228 241 3287 rium
255 3248 264 3302 3
277 3229 376 3308 sicque
391 3229 548 3291 definitum
563 3230 653 3290 refert
666 3231 749 3308 Lupo
763 3229 797 3288 io
817 3246 895 3288 coac.
911 3225 1167 3289 Tolet.1V.c.bb.

164 3313 207 3371 lta
224 3313 336 3390 pariter
348 3332 408 3376 non
426 3315 569 3375 invalidat
581 3321 795 3373 sacramentum
809 3356 817 3381 ‚
832 3319 951 3390 excepto
964 3313 1168 3386 matrimonio,

106 3404 108 3409 '
162 3411 247 3455 crror
262 3397 390 3458 ministri
405 3398 480 3458 circa
496 3414 648 3477 personam
664 3395 867 3473 suscipientis,
883 3412 989 3473 nempe
999 3397 1024 3455 si
1036 3397 1169 3458 minister

163 3486 270 3555 putans
282 3479 433 3542 absolvere
446 3483 584 3552 Petrum,
596 3479 878 3552 manutentum,
892 3486 927 3544 ut
939 3496 1006 3540 cum
1019 3483 1168 3542 communi

162 3561 390 3626 docentSuamz
404 3563 436 3626 d.
452 3567 501 3625 15.
511 3570 577 3626 sect.
593 3566 623 3625 5.
639 3563 673 3623 io
688 3559 770 3644 fine,
784 3571 812 3624 et
823 3565 898 3645 tuq.
914 3562 945 3625 d.
961 3565 1164 3626 86616114.
