2602 4198
293 209 306 227 ⁵
347 231 421 310 Cup.
437 232 466 295 2.
482 231 528 295 De
545 226 779 306 eorcfirmotione.
793 229 872 300 Dnb.
892 233 921 292 i.
1083 234 1140 295 587

129 333 203 394 bccet
218 331 364 414 Spiritum
385 338 540 395 sunctum.-
554 329 638 413 cujus
651 329 793 398 eduntur
806 350 862 411 per
879 332 1027 397 untionis
1049 336 1141 397 mini·

127 416 253 477 sterium
269 414 452 496 desipnntnr.
464 417 584 481 Certum
602 425 662 485 ost,
687 415 767 493 qood
789 418 919 481 materiae
940 429 1138 481 sacramento·

128 506 214 573 rum',
229 501 296 563 cinn
309 500 326 561 i
339 499 455 561 Christo
472 500 588 563 tantbm
609 501 672 567 rint
687 502 844 572 institutae,
858 502 966 563 mutari
988 522 1049 565 non
1070 522 1137 581 pos-
1213 574 1215 578 ¹

124 586 352 662 ‘eunt3aitnnim
363 580 780 649 nutameuusc.e.advecsus
790 587 930 664 quosdam
941 588 1133 651 recentiores:

125 668 278 751 Apostolos
292 677 391 731 cutem
408 676 537 730 mutuose
549 670 829 741 maturianensis
848 690 889 732 an
899 668 959 732 ulio
971 672 1056 735 mocio
1067 691 1136 752 pro-

125 754 196 817 bcri
219 755 323 835 possit.
350 753 481 815 Dicendo
508 754 609 830 itaque
638 755 846 827 Innocentius,
872 755 951 833 quod
983 756 1049 826 idco
1081 757 1135 818 soli

125 839 259 916 Episcopi
273 838 373 897 valant
385 855 513 915 ungere,
527 839 596 916 quia
611 839 664 899 soli
679 841 801 918 apostoli
815 858 919 900 manus
930 840 1134 919 imponebant,

124 922 217 1001 igitur
229 917 384 999 'impositio
401 922 451 983 illo
470 932 534 983 erat
554 921 656 987 eadem
682 941 735 1002 per
752 924 944 997 unctionem,
964 943 1030 1002 quaa
1056 943 1135 989 nune

124 1015 169 1067 est
193 1007 294 1068 unctio
312 1024 365 1084 pan
381 1006 618 1083 impositionem:
637 1008 678 1071 sic
688 1005 819 1095 appositi
831 1007 932 1069 scribit
950 1011 989 1073 P.
1002 1009 1134 1070 Suurez:

123 1090 222 1152 Sentit
236 1091 303 1171 erpo
322 1088 479 1168 (Pontifex)
491 1086 575 1153 illam
596 1092 705 1155 muccis
723 1089 938 1170 impositionem
951 1090 1043 1170 luc-'sse
1055 1109 1135 1152 earn

122 1173 206 1248 dnn,
221 1191 287 1255 qun
300 1193 379 1235 cinno
398 1183 457 1250 est,
473 1193 594 1255 qunque
614 1178 732 1241 nomine
752 1173 971 1243 chrismationis
985 1174 1135 1256 sipnifiuc-

122 1267 328 1339 rur....pucm
346 1276 406 1321 esse
424 1255 615 1339 scrfficientem
631 1257 740 1341 probet
762 1261 834 1325 sctis
858 1278 988 1340 prensens
1000 1258 1135 1329 Ecclesin

120 1359 213 1417 osus,
232 1351 297 1419 cta,
319 1340 415 1404 sotim
434 1341 487 1405 icae
511 1341 630 1422 fuciunt
650 1342 792 1424 Episcopi
814 1362 893 1409 nnnc
911 1341 1132 1424 confirmando,
1209 1370 1213 1378 ⁴

120 1424 205 1507 pund
216 1424 342 1506 apostott
356 1424 620 1504 faciebantmenus
630 1427 815 1508 imponendo.

123 1566 125 1569 .
161 1511 254 1588 idque
274 1510 466 1575 confirmatur
483 1512 520 1575 ub
533 1513 591 1577 ulio
608 1530 720 1577 canone
741 1511 873 1589 ciusdem
893 1511 1062 1576 iunocentii
1079 1513 1135 1577 111

121 1614 156 1656 m
176 1613 203 1655 c.
222 1596 253 1656 t.
268 1596 386 1669 Quanto
400 1593 435 1658 cc
453 1604 593 1674 consuet,
611 1597 663 1663 ubi
684 1597 816 1663 Pmcitox
835 1598 871 1657 ad
890 1596 1132 1663 consuetudinem

120 1680 335 1758 reprobandum
349 1681 545 1757 quorumdum
560 1683 762 1755 sacerdotum,
776 1684 827 1762 qui
840 1683 1026 1757 conferebant
1037 1698 1132 1742 sacro·

121 1774 224 1826 monta
247 1766 316 1825 solis
336 1765 484 1843 Episcopis
498 1777 662 1838 suerrum,
683 1768 775 1833 dicit:
794 1771 833 1836 Ui
854 1777 897 1833 eet
915 1776 1131 1831 sacramentnm

120 1847 373 1928 mopsocrenen,
396 1849 475 1929 quaet
489 1850 674 1917 chrismando
684 1861 801 1920 cetratos
814 1850 871 1917 soii
885 1852 987 1919 orbem
994 1851 1133 1931 Episcopi

118 1953 174 2016 prr
195 1936 305 1995 montis
326 1935 542 2015 impositionem
560 1934 700 2012 conferre.
725 1938 821 2013 Nota,
849 1934 1055 2006 chrismando,
1078 1955 1130 2015 per

118 2020 230 2081 macno
243 2016 474 2099 impositionem,
489 2017 559 2095 ergo
571 2019 648 2083 idem
663 2028 707 2083 est
724 2037 844 2083 manum
859 2020 1027 2095 imponere,
1041 2019 1129 2096 quium

120 2102 294 2163 chrismare.
309 2102 449 2180 idemque
464 2101 590 2167 habetur
608 2105 639 2163 in
653 2103 779 2180 Epistola
795 2098 952 2169 Micicutiis
968 2097 1130 2182 Poinoiopi

119 2188 209 2247 missa
234 2188 271 2246 ad
292 2186 466 2266 Greporium
477 2189 521 2251 Χ.
534 2198 564 2249 et
582 2188 674 2248 relata
688 2188 720 2249 in
742 2187 865 2253 concilio
885 2185 1070 2263 Lugduncusi
1089 2189 1127 2246 n.

119 2273 155 2330 ln
171 2290 204 2330 oa
215 2272 337 2350 epistola
354 2275 518 2350 imperetur
534 2274 742 2350 professionem
754 2272 823 2337 fluet
837 2271 1005 2341 emittebat,
1020 2272 1128 2348 ilioque

118 2356 140 2417 b
160 2358 297 2436 Greporio
321 2355 396 2417 uene
416 2367 532 2434 acceptu
552 2358 629 2430 iuuit,
650 2359 691 2421 sic
716 2357 757 2417 ibi
779 2356 930 2419 dicebatur
950 2377 958 2415 z
978 2352 1069 2419 Aliud
1087 2365 1130 2416 est

117 2451 335 2502 sacramentnm
363 2441 617 2522 confirmationis,
639 2440 719 2521 quoi
741 2459 800 2520 per
829 2459 974 2505 neonuum
1007 2438 1128 2520 imposi-

67 2520 72 2528 ’
118 2525 227 2586 tionem
244 2525 384 2607 Epc'soopi
396 2525 578 2605 conserunt„
588 2526 773 2594 chrismando
791 2532 918 2591 renatos.
932 2525 1013 2591 idem
1025 2525 1128 2597 coniic-

119 2620 220 2670 mntnr
237 2611 275 2670 ab
284 2611 457 2672 Innocentio
469 2613 488 2672 Ι
493 2614 529 2672 tt.
540 2610 639 2690 Epist.
655 2613 742 2675 tue.
756 2613 785 2675 i.
801 2608 884 2690 opud
895 2608 969 2673 tot.
991 2617 1059 2673 torre.
1078 2613 1125 2670 tc.

116 2712 189 2774 pap.
203 2697 272 2754 eto.
292 2695 366 2755 ubi:
381 2692 445 2756 eote
462 2693 587 2775 apostoii
595 2739 603 2767 ,
618 2712 744 2774 quornm
759 2693 833 2761 erices
846 2702 954 2776 peruret
968 2692 1127 2775 Episcopi,

117 2779 294 2858 penmonis
308 2777 543 2858 impositionem,
556 2797 646 2859 quom
657 2778 858 2859 confirmatio,
876 2775 921 2843 uei
931 2775 1039 2858 frontis
1050 2778 1126 2840 cieri·

117 2860 226 2922 serratio
248 2869 458 2941 rcpruscntut,
477 2861 623 2942 Spiritum
646 2872 781 2929 sunctum
806 2862 941 2929 tribuisse
965 2860 1124 2943 luuntur:

115 2945 242 3006 corbum
256 2955 446 3027 repcoscocot
457 2947 536 3008 idom
549 2956 608 3023 aet,
624 2966 658 3008 ac
674 2958 847 3026 praesentem
858 2949 963 3008 incure.

156 3031 318 3107 Supersunt
330 3030 378 3092 bic
396 3032 453 3093 tris
471 3033 529 3095 alia
545 3034 643 3108 magui
663 3034 801 3111 ponderis
819 3040 985 3108 momenta,
997 3047 1124 3109 quorum

116 3115 351 3194 nouusquodquc
363 3116 470 3177 sufficit
484 3116 521 3177 ad
534 3126 665 3178 nostram
677 3118 853 3181 sententiam
863 3125 1002 3192 tanquam
1016 3123 1125 3175 certam

115 3200 311 3279 probandam.
334 3202 468 3263 Primum
491 3209 534 3261 est
557 3202 713 3263 auctoritas
733 3199 862 3279 Eupenii
875 3202 933 3261 IV.
952 3199 984 3257 in
1008 3198 1124 3261 decreto

7 3318 8 3323 κ
116 3284 198 3345 edito
218 3285 250 3343 in
269 3285 392 3346 concilio
414 3285 606 3357 Florentino,
632 3285 695 3363 ipso
719 3284 843 3344 concilio
868 3281 1066 3362 approbante,
1087 3283 1125 3345 ad

7 3414 8 3423 κ
115 3371 341 3435 instructionem
351 3373 568 3441 Armenorum,
583 3370 634 3433 ubi
649 3370 854 3433 sicdefinitum
866 3370 921 3435 suit
937 3390 945 3427 ε
961 3366 1126 3431 Secundum

7 3470 8 3475 ¹
115 3463 334 3516 sacromentum
346 3462 390 3517 eet
405 3454 606 3535 confirmatio,
621 3455 706 3538 eujus
718 3454 845 3523 materie
866 3462 909 3519 est
923 3452 1052 3519 cortona
1064 3472 1127 3519 coro

7 3572 8 3587 2
114 3538 226 3617 sectum
244 3557 281 3600 err
299 3536 378 3613 otco',
396 3537 475 3619 quod
492 3539 618 3601 nitorem
636 3539 786 3621 sipnificat
801 3539 981 3605 conscientia
994 3583 1003 3611 ,
1018 3546 1047 3599 ct
1064 3535 1127 3601 tct-

7 3670 9 3675 .
113 3639 199 3685 suerro
219 3621 298 3703 perot
318 3621 435 3687 odorum
457 3621 608 3705 sipuificot
634 3623 715 3690 bonae
738 3623 846 3705 semea,
870 3644 925 3706 per
949 3622 1125 3709 Episcopmu

921 3711 969 3769 55.
