2602 4198
186 256 244 319 568
436 257 501 322 Lib.
515 260 545 321 6.
563 261 661 321 Tract.
674 262 704 322 6.
718 261 764 322 De
774 259 926 343 baptismo.

183 380 198 412 ι
223 356 369 437 parochus
387 375 448 421 aon
460 359 556 422 validi
572 369 678 421 mutat.
692 386 706 415 a
724 360 792 441 (Sed
806 361 907 425 aaut.
922 360 949 440 S.
965 365 995 425 6.
1008 382 1041 426 n.
1056 366 1106 427 76.
1121 364 1200 430 elicit

183 441 263 525 arraei
271 443 418 524 parochus
436 441 534 506 ualidi
548 452 693 521 enataret,
708 454 738 507 et
753 445 882 508 actoru
897 447 987 509 Graia
998 468 1083 512 rcum.
1096 453 1164 512 566.
1182 496 1195 522 ,

183 526 255 608 quia
268 546 305 589 ea
320 527 402 589 Trici.
417 525 526 609 suffieit
538 527 700 609 aesipnatio
713 537 872 611 parentum
882 575 890 604 ,
901 529 949 590 aet
955 532 1095 612 parocbi5
1102 554 1199 616 paro-

183 610 254 673 cbus
271 621 369 672 autem
387 621 508 674 mutans
521 613 678 695 patrinum
689 614 820 694 praviter
836 624 983 694 peccaret,
997 625 1033 678 ut
1050 616 1097 678 ait
1109 619 1198 680 Beda

183 713 234 776 ap·
248 695 338 757 Graia
346 695 430 774 ibid.)
448 723 461 755 o
473 696 567 758 Dian.
576 715 609 777 p.
623 700 653 758 6.
667 704 688 757 7.
702 699 732 757 7.
744 716 772 756 r.
787 698 835 757 779.
846 699 897 757 lV.
915 700 992 759 Utin
1003 699 1067 778 ipso
1081 701 1197 780 baptis·

183 804 196 831 n
221 780 361 858 malquia
377 801 438 842 non
460 782 568 842 sufficit
581 825 589 854 ,
602 784 637 841 ut
655 783 686 842 in
710 783 779 843 solis
799 781 991 861 coeremoniis)
1010 802 1126 862 perse,
1145 786 1196 847 acl

183 888 197 917 a
221 875 444 942 procuratorem
457 875 573 944 tangat,
593 873 692 925 teneat
703 875 754 925 aut
767 866 803 925 de
825 884 915 925 manu
933 866 1108 945 baptizantis
1129 887 1194 929 sus·

184 973 196 1017 ρ
220 949 343 1028 alpia.»
362 947 455 1028 (illua
474 950 640 1031 suscipere,
659 947 880 1030 iutelliqeudum
898 967 957 1010 esse
979 951 1082 1015 dicunt
1097 950 1193 1014 Saim.

182 1030 204 1094 7.
220 1053 244 1094 0.
259 1053 291 1094 n.
308 1026 401 1096 tt‘u‘
415 1033 577 1116 baptismus
588 1036 629 1096 sit
638 1053 692 1116 per
710 1033 925 1094 immersionem
944 1057 955 1094 s
971 1033 1023 1096 sed
1045 1037 1138 1097 Graiu
1160 1057 1192 1099 n.

182 1120 250 1178 565.
273 1117 344 1179 dicit
364 1137 431 1180 cum
453 1120 553 1181 Atera.
576 1127 604 1180 et
628 1138 728 1180 cauum
750 1115 881 1198 sufficere
900 1117 941 1178 aci
962 1119 1194 1183 contrabendum

181 1203 400 1283 capnatianem,
427 1202 506 1286 quid
530 1206 670 1285 patrinus
686 1203 829 1283 suscipiat
851 1201 1035 1284 baptizatum
1057 1205 1074 1263 7
1097 1224 1194 1266 mauu

182 1285 386 1367 baptizantis,
410 1290 527 1350 etiamsi
548 1288 711 1371 baptismus
729 1286 769 1348 sit
779 1305 834 1368 per
850 1287 1057 1368 infusionem.)
1071 1313 1085 1343 a
1098 1292 1137 1351 V.
1154 1293 1194 1352 Ut

181 1395 195 1427 s
230 1372 260 1430 id
284 1391 344 1432 non
373 1375 567 1451 materialiter
594 1372 741 1445 tantbm,
775 1371 827 1431 sed
855 1373 955 1431 animo
991 1375 1191 1453 susceptoris,

181 1478 196 1527 i
217 1456 361 1517 siracusa
384 1459 547 1519 intentione
561 1457 591 1517 td
609 1474 718 1517 munus
731 1455 850 1535 gerendi
868 1455 964 1515 faciat.
976 1457 1084 1535 Lopm.
1108 1478 1136 1518 c.
1159 1461 1190 1520 9.

181 1565 194 1595 o
218 1559 252 1599 u.
265 1542 294 1600 6.
312 1567 325 1595 o
341 1541 402 1619 (Ita
422 1542 512 1602 etiam
525 1541 626 1603 Tamb.
639 1549 668 1602 et
679 1543 778 1601 Auers.
788 1538 870 1621 apud
883 1540 972 1600 Graiu
984 1559 1016 1599 u.
1027 1542 1096 1601 565.
1106 1541 1192 1615 Quat

179 1623 591 1770 tttttttttt.l“tt
604 1621 1191 1790 “i‘'littli“lls⁰⁸⁵iuii“i,iiiilit

180 1807 242 1853 aaa
256 1789 501 1869 aeumulamini
516 1790 581 1853 aide
596 1791 680 1873 iussa
690 1812 723 1852 n.
739 1793 821 1873 766.)

218 1875 287 1937 777.
302 1908 340 1921 -
358 1874 412 1937 llic
435 1877 661 1956 pranatandum
686 1889 720 1938 ut
747 1887 861 1938 certum
881 1879 906 1938 l.
935 1877 967 1938 id
993 1878 1074 1958 quod
1102 1879 1190 1943 docet

179 1963 220 2021 D.
238 1959 364 2022 atauus
376 1962 451 2021 circa
468 1961 676 2040 obligationem
693 1964 801 2041 patrini
813 1985 822 2039 3
836 1981 904 2023 nam
921 1963 951 2021 5.
965 1980 1000 2042 p.
1013 1981 1043 2045 q.
1058 1963 1110 2023 67.
1127 1972 1187 2028 art.

179 2047 208 2107 8.
225 2044 266 2106 sia
285 2046 326 2105 sit
340 2067 348 2104 ε
362 2042 432 2122 lta,
445 2044 500 2125 qui
510 2047 631 2128 suscipit
647 2043 775 2128 aliquem
789 2045 823 2108 dc
840 2063 923 2107 sacro
940 2044 1038 2124 faute,
1060 2048 1190 2110 assumit

179 2130 237 2199 sibi
250 2126 379 2210 officium
389 2128 563 2212 paaapoyi3
578 2140 607 2190 et
618 2129 682 2191 idea
693 2130 839 2214 ablipatur
853 2129 893 2192 ad
904 2128 1068 2192 bobardum
1083 2149 1190 2196 curam

179 2214 214 2277 cle
231 2215 306 2296 ipsa.
321 2213 355 2273 ld
370 2223 432 2286 est,
454 2223 489 2275 ut
506 2216 610 2276 dicunt
626 2213 745 2276 Heium.
768 2224 837 2275 torn.
854 2218 884 2276 6.
903 2233 977 2296 pap.
993 2217 1042 2275 56.
1060 2233 1095 2274 n.
1117 2218 1188 2279 los.

182 2302 265 2362 cont.
282 2302 392 2361 Tauro.
404 2297 439 2358 de
450 2296 531 2379 bapt.
552 2318 617 2381 cap.
632 2303 662 2361 6.
677 2320 705 2361 0.
716 2302 814 2376 Quae.
825 2302 855 2362 6.
866 2297 961 2361 Satm.
971 2299 1007 2360 de
1023 2298 1104 2379 bapt.
1117 2319 1189 2380 cap,

58 2414 63 2421 ·
179 2388 208 2446 7.
228 2403 261 2465 p.
275 2387 305 2446 6.
327 2402 359 2444 u.
379 2384 429 2444 66.
445 2381 540 2444 statii
555 2384 687 2465 passim,
708 2393 826 2445 tenetur
843 2386 990 2444 instruero
1005 2383 1189 2462 baptizatum

179 2471 254 2530 circa
273 2469 363 2529 fidem
378 2476 409 2530 ct
439 2468 783 2531 mores.·1lttamcnboec
813 2469 953 2547 obligatio
977 2477 1049 2527 tunc
1068 2466 1188 2530 aniam

180 2562 281 2630 urget,
300 2553 328 2613 si
343 2551 497 2613 necessitas
516 2551 701 2630 immiseram
720 2553 797 2614 sicut
814 2571 845 2613 ea
864 2559 989 2631 tempore
1008 2558 1038 2611 et
1053 2547 1132 2624 7000,
1152 2551 1187 2612 in

178 2652 235 2715 quo
256 2634 402 2714 baptizati
416 2635 494 2696 iuter
520 2635 652 2716 infideles
679 2637 871 2707 couniuntur,
892 2645 927 2695 ut
948 2635 1020 2694 dicit
1040 2633 1121 2694 idam
1142 2636 1185 2695 D.

182 2716 377 2787 Titaniacis.
392 2717 502 2779 addens
515 2741 524 2778 ε
538 2720 596 2782 Sed
608 2720 661 2782 ubi
672 2717 934 2781 nutriantarinter
949 2714 1187 2779 catholicosclsri·

176 2803 306 2875 stiarias,
326 2800 401 2865 sata
415 2812 540 2881 possunt
562 2804 599 2864 ab
616 2802 685 2865 bac·
702 2823 775 2865 cura
799 2803 952 2881 causari,
979 2801 1186 2883 praesumendo

176 2884 255 2969 quid
263 2887 283 2945 a
294 2883 357 2945 suis
370 2885 543 2964 parentibus
561 2885 714 2968 ‹iitipenter
729 2888 921 2949 instruantur
929 2910 941 2963 ,·
954 2884 983 2947 si
994 2895 1095 2946 tamen
1111 2903 1187 2963 qua-

170 2987 298 3051 cumque
319 2967 404 3053 neoda
428 2969 570 3031 sentirent
594 2972 801 3048 casinatium,
832 2978 999 3032 tenerentur
1023 2967 1187 3030 secundum
1288 2994 1289 3027 t

175 3073 263 3117 suum
274 3052 393 3121 aarum
409 3050 501 3115 saluti
514 3054 668 3136 spirituali
683 3054 817 3137 filiorum
837 3075 942 3117 curam
956 3051 1134 3133 impendere.
1149 3055 1187 3115 Et
1288 3056 1289 3069 ¹

176 3141 256 3201 idam
269 3139 371 3201 dicunt
383 3142 580 3201 communiter
592 3139 686 3201 Satm.
701 3140 772 3203 ibid.
783 3161 815 3204 n.
830 3143 879 3203 67.
892 3158 959 3201 oum
970 3140 1060 3199 Suar.
1075 3139 1184 3216 Lapm.

175 3220 245 3285 rat.
259 3220 404 3300 ComVai.
416 3231 470 3287 cta.
485 3226 711 3288 Praenotaadum
722 3230 759 3286 ll.
773 3226 853 3306 qubd
864 3228 896 3286 in
909 3225 1056 3302 baptisma
1068 3224 1186 3299 privata

176 3309 256 3367 nulla
271 3309 357 3387 culpa
375 3317 440 3381 ast,
458 3310 483 3369 si
501 3312 634 3387 patrinus
643 3311 860 3383 amittatur,ut
870 3309 955 3386 ajunt
971 3310 1055 3367 Cant.
1068 3309 1183 3381 Teura,

174 3390 246 3452 ibid·
258 3391 358 3471 Quas.
373 3394 401 3452 7.
413 3410 440 3455 r.
455 3395 484 3453 5.
496 3391 613 3455 Hatzm.
623 3413 696 3476 pap.
712 3395 761 3455 56.
775 3413 808 3454 u.
824 3396 891 3455 767.
907 3388 1043 3453 et'Satm.
1060 3388 1134 3450 ibid.
1149 3409 1184 3465 n.

175 3476 223 3531 67.
239 3493 305 3532 aioni
315 3477 401 3549 Sota,
414 3478 504 3551 Suos.
516 3478 624 3539 Sancb.
637 3487 666 3544 et
678 3475 747 3538 aliis
756 3478 955 3539 communiter.
963 3476 1073 3535 Dicunt
1084 3482 1186 3535 amen

174 3554 280 3612 Saucia.
293 3554 327 3613 cle
338 3566 428 3618 matr.
443 3557 465 3618 7.
478 3561 506 3622 a.
520 3560 550 3622 d.
565 3565 614 3622 66.
629 3580 661 3620 u.
673 3565 702 3622 5.
717 3570 746 3621 07
757 3565 861 3642 Lapm.
873 3559 894 3619 7.
909 3563 936 3620 5.
955 3564 1040 3619 tract.
1056 3559 1087 3616 6.
1101 3569 1130 3620 a.
1152 3559 1184 3633 9,
1197 3560 1209 3579 ¹

175 3650 240 3688 curri
252 3635 340 3695 Suur.
355 3641 441 3700 Cane.
455 3651 508 3702 etc.
526 3646 606 3725 qaod
626 3645 693 3704 licat
705 3663 764 3704 nan
780 3644 943 3707 neccssarib
953 3639 1185 3711 sitadbibcndus
1286 3646 1287 3649 ’
