2602 4198
386 232 457 313 Cap.
472 232 502 293 ἓ.
517 233 561 293 De
570 227 800 311 eooofirmotiooe.
812 230 889 295 nob.
903 235 933 294 l.
1097 218 1156 298 393

152 339 246 396 ctione
265 329 387 394 visibili.
417 332 513 394 Troot.
532 334 600 393 lll.
622 333 656 394 io
680 330 847 414 Epistolom
865 333 993 398 Joootois
1014 353 1047 396 o.
1068 337 1098 396 b.
1121 340 1157 397 Et

153 419 246 478 alibi:
268 416 413 497 Uopitoor
437 417 515 477 enim
541 414 628 477 modb
651 418 686 478 io
703 425 906 492 sacramento,
930 425 959 478 et
976 428 1158 480 sacramento

152 500 218 580 ipso
231 498 445 581 procfipnrotnr
457 497 615 580 quiddam,
640 498 718 578 qood
734 500 835 580 sotori
856 518 969 562 somus.
983 504 1023 562 lo
1042 501 1156 562 Psolm.

152 587 203 644 ib.
215 585 249 644 S,
260 585 316 643 leo
329 584 414 664 epist.
427 584 477 643 88.
492 584 532 641 ait
544 583 580 643 ad
594 585 748 662 Episcopos
764 592 912 662 spectare,
931 583 1085 646 cbrismote
1106 583 1158 646 bo·

149 667 333 747 ptizotorttm
349 665 478 746 frontem
495 669 623 747 sipoare.
646 667 678 728 S.
696 667 855 748 Greporitoe
872 669 919 729 M.
934 669 966 730 ia
985 687 1039 729 suo
1058 671 1158 729 Sacro·

62 771 66 780 ·
152 751 298 810 mentario
330 751 463 812 scribit:
489 749 659 830 Neophytos
687 750 882 831 confirmari,
906 750 979 812 dim
996 751 1158 834 Episcopus

153 831 243 894 tr'oeto
252 830 354 914 pollice
367 833 401 894 io
412 833 567 895 chrismate
584 833 659 914 socie
671 837 826 896 concamio
839 833 948 915 [roseto.
1100 907 1103 913 Ι

191 917 302 978 Omitto
312 926 410 979 autem
423 919 495 979 alios
506 919 735 978 innumerabiles
747 920 919 997 Scriptores,
930 919 980 997 qui
994 927 1059 997 post
1069 937 1158 979 soeco-

153 1001 217 1062 lum
230 996 269 1062 V.
291 1002 329 1062 de
348 1003 487 1062 unctione
508 1000 672 1061 chrismatis
693 1003 879 1081 loquuntur;
900 1020 969 1062 nam
992 1001 1160 1063 Dat-Harrei

152 1105 180 1145 c.
193 1087 222 1146 2.
237 1103 269 1147 n.
281 1088 310 1146 b.
323 1094 352 1146 et
361 1088 390 1146 6.
404 1094 546 1162 testetur,
564 1085 643 1162 qubd
656 1086 717 1164 ipse
727 1085 901 1147 Sirmoodtes
914 1087 1040 1159 latetur,
1052 1088 1083 1145 in
1097 1089 1158 1164 pri·

154 1171 211 1230 mis
228 1170 323 1230 tribus
336 1171 449 1231 saeculis
461 1171 631 1230 unctionem
640 1168 772 1246 junctam
786 1170 875 1230 luisse
893 1189 959 1230 cum
972 1171 1159 1248 impositione

154 1253 281 1326 mansis,
301 1265 331 1316 et
353 1255 395 1316 sic
419 1255 507 1315 etiam
533 1271 589 1313 usu
611 1263 763 1332 receptum
784 1262 828 1313 est
845 1263 910 1331 post
933 1262 1049 1314 aetatem
1067 1254 1159 1313 Inoo-

153 1338 244 1398 oootii
258 1342 286 1400 Ι.
300 1340 332 1400 iu
353 1347 503 1418 posterum
514 1359 523 1414 3
534 1337 674 1416 additque
685 1335 853 1399 Deo-llomel
863 1338 896 1399 in
908 1337 965 1400 hoc
978 1354 1079 1401 omnes
1092 1355 1159 1399 cuna

152 1422 309 1485 Sirmo'odo
326 1424 493 1484 consentire
513 1421 676 1501 theologos.
955 1418 958 1423 ⁴

194 1509 312 1569 Attente
332 1511 423 1588 igitur
444 1526 480 1568 ex
501 1525 562 1568 una
583 1515 666 1586 parte
686 1505 788 1585 reguli
803 1508 919 1570 laudati
936 1510 968 1570 S.
980 1506 1140 1590 departiri
1150 1552 1158 1580 ,

155 1592 235 1671 qubd
253 1597 352 1655 omnia
369 1613 435 1672 qnae
452 1594 589 1654 universa
607 1603 687 1655 tenet
701 1594 844 1668 Ecclesia,
859 1613 913 1656 nec
926 1596 1076 1672 abaliquo
1090 1605 1160 1654 con·

154 1678 222 1737 cilio
234 1678 367 1739 instituta
377 1696 440 1738 esse
451 1679 588 1739 novimus
598 1722 606 1749 ,
617 1677 667 1738 sed
676 1681 792 1757 semper
804 1697 857 1739 usu
869 1689 983 1758 recepto
994 1681 1025 1738 iu
1037 1677 1159 1739 Ecclesia

154 1764 289 1838 fuerunt,
309 1780 345 1823 ex
362 1763 521 1823 traditione
538 1762 737 1840 apostolorum
754 1762 899 1823 derivasse
913 1762 1091 1824 credendum
1103 1770 1159 1822 est.

155 1849 193 1905 Et
203 1846 297 1923 posito
310 1865 346 1906 ex
360 1846 416 1906 alia
432 1853 515 1924 parte
526 1889 534 1918 ‚
547 1843 627 1922 qubd
636 1845 760 1904 Ecclesia
778 1862 895 1922 sempor
906 1856 936 1905 et
949 1848 1059 1923 ubique
1074 1848 1160 1904 usuris

156 1927 320 1989 chrismatis
343 1931 524 2001 servaverit,
550 1935 641 2005 prout
664 1926 751 2005 supra
776 1937 924 1987 ostensum
947 1935 1014 2004 est,
1039 1926 1160 1989 omniub

155 2012 258 2073 tenire
277 2013 433 2085 debemus,
450 2011 630 2088 hujusmodi*
645 2028 731 2070 usum
742 2010 933 2070 'descendisse
951 2011 988 2071 ab
1005 2011 1159 2088 apostolis,

154 2095 300 2159 iaCltristo
317 2098 444 2169 edoctis,
460 2105 563 2174 utpote
581 2097 620 2155 in‘
630 2113 664 2155 re
677 2095 714 2154 ad
733 2096 905 2154 sacramenti
926 2096 1079 2154 materiam
1093 2111 1161 2171 per-

155 2181 452 2257 tinente3uametiam
461 2180 583 2258 apostoli
594 2180 639 2257 (ut
649 2177 725 2239 benb
734 2179 977 2239 advertitSaorcz
985 2184 1051 2238 sect.
1062 2176 1104 2252 l.)
1112 2176 1161 2237 bo·

156 2263 261 2327 beboot
271 2263 424 2347 ollipotom
435 2272 604 2347 potestatem
611 2264 644 2323 io
650 2261 840 2326 sacramentis
853 2260 997 2326 institistis
1008 2261 1159 2327 nemesio.

156 2349 450 2428 Proptereaomninb
462 2348 623 2408 tenendum
636 2357 697 2421 est,
707 2349 851 2427 apostolos
865 2349 897 2408 in
911 2348 1063 2409 collatione
1074 2346 1161 2423 hujus

90 2431 95 2437 ’
149 2433 328 2494 'sacramenti
351 2432 516 2493 chrismatis
537 2434 677 2492 unctione
698 2451 765 2492 usos
786 2431 893 2504 luisse,
913 2433 987 2490 sicut
1006 2429 1068 2506 jam
1088 2432 1161 2491 olim

155 2517 296 2594 expresse·
307 2517 408 2578 docuit
423 2514 575 2579 Fobiooes
588 2519 676 2596 Popo
688 2517 719 2576 in
733 2516 830 2661 Epist.
849 2520 878 2578 Ε).
895 2515 936 2578 od
950 2513 1062 2576 Orieot.
1074 2514 1161 2598 (Vide

149 2618 222 2662 coo.
233 2603 282 2661 l8.
290 2599 598 2672 Litteris‚deeooseer.
607 2598 676 2661 dist.
686 2593 759 2680 bin
783 2602 925 2680 iloquens
936 2600 973 2661 de
984 2599 1138 2662 chrismate
1147 2648 1161 2681 ,

155 2685 252 2762 deque
274 2685 452 2762 obligatione
476 2683 552 2744 illud
577 2685 943 2761 quotannisreuovoudi,
967 2686 1009 2745 ait
1028 2706 1036 2744 ε
1058 2688 1161 2748 lstod

154 2765 1160 2851 SS.apostolis,etsucecssoriboseommoeecpioms‚etoobisteneodo

155 2851 344 2913 innodamus.

195 2937 269 2998 cem
284 2935 355 3015 ergb
376 2936 483 3015 legitur
495 2938 592 2999 Actor.
609 2938 640 2999 8.
657 2938 737 3017 qubd
756 2939 880 3019 apostoli
899 2937 1161 3014 ‹labantSpiritom

156 3031 289 3082 sanctum
303 3021 483 3099 imponendo
500 3038 623 3092 manus,
636 3030 667 3080 et
680 3040 739 3082 una
757 3022 874 3082 tantum
894 3023 957 3092 ibi,
977 3037 1037 3079 non
1053 3018 1162 3097 duplex

156 3104 306 3182 impositio
327 3104 517 3163 nominatur:
533 3104 678 3181 siquidem
697 3104 722 3162 si
743 3105 798 3182 ipsi
816 3109 1032 3163 sacramentum
1052 3101 1161 3162 confir-

156 3188 295 3249 mationis
315 3189 540 3257 ministrabant,
564 3206 597 3247 ea
617 3187 765 3264 impositio
785 3195 848 3248 erat
866 3186 903 3246 ab
923 3186 1063 3246 unctione
1082 3184 1160 3245 iudi-

155 3275 338 3335 stincta.Neo
351 3273 456 3347 relect,
467 3272 546 3351 qubd
560 3273 592 3333 iu
602 3274 751 3350 Scriptura
761 3291 895 3352 expressa
908 3290 969 3332 non
984 3271 1058 3331 lacta
1071 3271 1161 3332 luerit

156 3361 269 3420 montio
283 3359 428 3418 unctionis
438 3379 447 3435 3
457 3359 533 3419 sicut
549 3359 628 3419 enirn
641 3357 764 3418 intotis
775 3376 836 3419 non
848 3356 884 3417 lit
899 3372 1039 3434 expressa·
1048 3357 1160 3417 mentio

157 3442 295 3519 baptismi
307 3442 475 3503 conserendi
489 3443 520 3502 iu
533 3443 652 3503 nornine
666 3443 757 3503 trium
769 3442 937 3503 divinarum
946 3443 1159 3514 Personarum,

156 3527 209 3586 sed
227 3525 342 3587 tantbm
364 3527 397 3586 in
417 3526 537 3586 nomine
550 3518 657 3585 Christi
672 3526 829 3606 (baptizoti
841 3534 913 3586 suot
927 3527 961 3587 io
977 3523 1161 3595 notatioeDo·

157 3607 235 3671 ruini
246 3611 318 3673 deso
327 3653 339 3687 ,
356 3611 454 3672 Actor.
467 3627 492 3671 o.
508 3610 556 3671 lt).
570 3607 615 3684 pi.
628 3610 670 3688 b.)
684 3627 738 3671 nee
754 3610 879 3690 proinde
896 3611 1030 3691 arguitur
1046 3617 1162 3698 aposto·
