2620 4176
355 208 432 305 Cep.
446 224 477 284 5.
490 222 538 295 De
551 215 645 303 officio
661 216 858 285 7777777777.
873 220 953 285 Dttb.
966 222 995 285 8.
1121 225 1179 286 777

212 359 227 389 a
246 334 277 395 6
300 326 428 430 Expedit
447 330 556 393 habire
577 331 693 411 cognitu
713 330 841 404 indicia,
859 339 890 393 et
912 331 1099 411 probationes
1125 333 1177 393 de·

165 442 182 472 ι
208 414 395 495 prehensas
386 434 419 476 1n
436 414 567 515 judicio,
583 417 739 495 ipsumque
757 414 880 477 modum
901 416 1073 494 processus,
1091 424 1125 476 ut
1147 425 1177 477 et

165 498 387 580 »prudentius
412 500 503 579 possit
525 501 557 561 in
582 519 635 561 suo
654 500 719 563 soro
734 518 841 581 agere,
864 508 896 562 et
903 499 1062 579 judicem,
1083 499 1176 564 sicubi

164 603 301 663 oopus,
315 580 480 671 prudenter
497 584 668 645 admonere.

206 687 333 746 787-
348 687 459 746 «tin
474 670 828 746 confessionemaminct:
844 676 874 747 7.
891 680 938 746 du
958 693 1106 748 consortes
1120 687 1178 748 cri·

163 796 180 827 a
207 770 299 830 minis
313 770 478 848 prodiderit
489 769 524 848 (si
537 766 700 830 secundum
716 770 882 848 supradicta
895 769 1060 868 tenebatur)
1072 778 1102 830 et
1111 771 1178 868 qui·

164 855 277 915 adem
289 873 314 915 77
305 850 395 915 77777
403 854 502 922 alios
492 873 523 914 77
525 854 658 925 samarit,
671 854 790 916 inducat
798 854 836 915 ad
845 855 1078 927 revocationem,
1088 856 1176 916 etiam

165 958 277 999 acum
292 938 424 1016 periculo
438 947 571 998 torturae.
573 936 665 1000 Vide
680 941 778 998 Tuon.
791 934 821 999 77.
836 941 867 998 7.
880 957 910 1020 q.
929 934 958 1000 77.
974 934 1004 999 77.
1015 941 1045 998 7.
1061 960 1094 999 77.
1108 940 1173 1003 707.

166 1049 183 1079 a
209 1031 238 1084 et
254 1019 334 1082 dictu
353 1021 441 1084 777777
457 1022 618 1121 superiore.
631 1026 662 1083 7.
674 1024 704 1083 Si
722 1041 789 1102 saga
807 1024 864 1096 sit,
881 1042 942 1101 quo
956 1033 1106 1104 tempore,
1118 1027 1176 1124 qud

166 1135 183 1164 a
209 1108 359 1170 occasione
376 1108 409 1168 iu
422 1100 706 1186 magiumsitlapsa‚
715 1114 750 1168 ut
766 1108 791 1167 si
808 1116 907 1185 postea
919 1116 1026 1185 negat,
1042 1110 1175 1171 convinci

166 1219 182 1248 a
208 1192 299 1272 possit
325 1191 358 1251 in
388 1191 492 1251 eodem
522 1190 598 1250 foro.
627 1193 655 1249 5.
681 1194 716 1251 ln
744 1191 914 1267 qualitatem
936 1193 1174 1269 superstitionis,

166 1302 183 1331 a
207 1295 246 1338 an
263 1293 301 1337 cx
316 1275 416 1335 animo
427 1272 592 1334 christiana
604 1273 673 1334 fidei
685 1275 901 1335 renuntiaverit
910 1318 920 1347 ,
929 1275 1095 1337 dementem
1105 1277 1176 1339 ado·

165 1364 186 1414 a·
207 1360 336 1429 raverit,
355 1354 425 1418 falsa
439 1357 479 1417 'de
492 1358 558 1417 Deo
575 1358 614 1417 et'
632 1359 798 1419 eternitate
814 1356 958 1431 senserit,
975 1359 1063 1420 rebus
1086 1361 1175 1422 sacris

166 1471 183 1500 a
209 1444 299 1505 abusa
313 1446 372 1516 sit,
392 1432 563 1503 bominibus
586 1443 739 1514 nocuerit,
760 1443 925 1520 presertim
944 1442 1126 1523 coujunetis,
1141 1456 1176 1507 ut

166 1556 183 1584 a
207 1529 338 1599 marito,
363 1525 486 1598 liberis,
509 1532 541 1585 et
558 1543 596 1584 an
615 1527 687 1587 alios
712 1526 872 1588 seduxerit.
898 1528 974 1587 Item
992 1527 1030 1587 de
1051 1529 1175 1605 peccatis

168 1639 181 1665 ι
206 1610 383 1674 carnalibus.
397 1608 532 1685 Denique
545 1609 680 1669 confessae
693 1611 804 1688 aperiat
820 1610 936 1671 iraudes
956 1610 1098 1672 demuma
1103 1657 1114 1689 ,
1127 1614 1174 1675 iu·

165 1723 183 1751 a
204 1701 376 1773 atrumque,
389 1693 541 1771 quomode
550 1693 591 1752 iis
606 1693 743 1772 deinceps
753 1696 983 1768 occurrendum,
995 1703 1083 1774 utque
1095 1698 1175 1761 iuter

167 1806 183 1836 a
205 1788 312 1843 7777777
332 1778 453 1838 suadeat
467 1775 537 1838 fidei
553 1778 779 1856 professionem,
792 1787 826 1840 et
842 1779 1028 1860 frequentem
1047 1782 1173 1860 symboli

167 1889 183 1921 a
206 1861 428 1943 repetitionem

269 1992 330 2023 .-
347 1963 402 2022 78.
416 1958 497 2039 sapt
513 1976 573 2022 non
589 1962 708 2040 expedit
719 1971 785 2042 post
797 1964 972 2040 supptiaium
981 1949 1075 2039 judici
1085 1968 1174 2045 bigni-

167 2048 313 2120 abraae,
326 2045 1016 2118 reuminextremisdenuntiutionesrevoeaam‚
1027 2047 1175 2127 tquuia

167 2132 319 2211 »junias
332 2131 364 2191 id
382 2130 475 2230 parvi
482 2130 594 2189 iaciunt
617 2129 718 2208 (quim
731 2127 832 2199 recte,
843 2130 913 2190 vide
930 2130 1010 2207 apud
1027 2132 1133 2209 leym.
1147 2140 1177 2192 ct
1205 2142 1208 2149 ·

166 2221 311 2279 77777.
334 2212 426 2291 ttae)
418 2212 512 2273 ·tdm
529 2214 598 2313 qpia
616 2214 726 2293 frangit
749 2168 880 2292 7737777777
903 2212 1132 2286 sacramentale,
1149 2217 1173 2276 si

167 2316 271 2362 uon
290 2299 384 2380 petita
402 2290 537 2369 tracuus,
556 2296 754 2359 innocentiam
767 2298 936 2357 denuntiati
953 2297 1088 2375 euulget,
1106 2297 1174 2360 edm

166 2402 243 2446 neo
258 2385 322 2463 ipso
336 2383 447 2442 revelet
459 2391 610 2467 peccatum
623 2382 835 2443 denuntiantia
846 2383 961 2456 Quare,
977 2382 1002 2441 si
1018 2382 1175 2461 aliquando

166 2495 181 2525 a
205 2466 336 2548 jndicem
355 2466 476 2526 mouere
490 2458 641 2539 7777777777,
655 2466 802 2544 rogandus
819 2474 865 2526 aet
882 2482 970 2538 77777,
992 2464 1027 2526 77
1041 2466 1072 2525 id
1093 2474 1174 2528 extra

166 2552 441 2623 7777777777777,
465 2557 497 2611 et
513 2564 613 2611 coram
638 2547 764 2612 testibus
785 2550 864 2612 dieat
887 2566 923 2614 ee
937 2551 1010 2612 bue
1031 2562 1075 2614 ut
1082 2552 1174 2631 judex

166 2644 373 2698 moneatur.

104 2758 112 2768 ·
205 2736 329 2801 789.-
335 2732 388 2798 ab
401 2730 559 2816 Sialicujns
575 2734 775 2798 innocentiam
787 2748 823 2798 ex
834 2738 1021 2801 cmtiessrcne
1024 2738 1174 2819 colligeret

167 2824 237 2902 »(q
239 2821 298 2883 uod
307 2822 361 2883 etsi
374 2816 509 2894 difficile,
524 2840 583 2882 nou
596 2829 695 2883 tamen
707 2822 888 2900 impossibile
897 2838 959 2885 esse
977 2823 1062 2885 docet
1073 2826 1171 2885 7777.

167 2930 183 2961 a
206 2902 277 2968 77777.
291 2904 322 2965 7.
338 2918 390 2985 qu.
402 2900 432 2965 7.
442 2903 511 2967 dub
485 2904 687 2984 Manat),
699 2905 980 3004 idjudiciaperire,
994 2924 1172 2984 aeprorco

167 2986 406 3061 »iauaccdera‚-
420 2990 616 3065 periculosum
628 2997 685 3066 est3
698 2991 766 3067 quia
781 2999 847 3067 post
859 2991 1037 3069 publimtam
1050 2991 1093 3048 rei
1104 3008 1173 3049 con-

167 3101 182 3128 »
205 3073 382 3144 sessionem,
405 3074 433 3133 ei
448 3091 510 3134 nun
522 3072 657 3151 credetur
676 3094 685 3133 a
701 3072 765 3133 tbm
777 3075 847 3152 quia
862 3114 872 3144 ,
887 3074 915 3138 si¹
931 3073 1041 3150 piures
1052 3072 1171 3142 audiat,

167 3185 182 3213 a
206 3156 263 3219 boe
275 3158 340 3236 ipso
353 3156 480 3219 aliorum
492 3160 658 3219 7777777777
673 3154 711 3219 de
722 3156 781 3217 77777
798 3156 921 3218 tacendo
934 3155 1052 3214 videtur
1067 3154 1174 3216 confir·

168 3260 182 3296 7
207 3256 309 3319 mare,
334 3259 402 3302 cum
422 3240 565 3302 fractione
578 3240 688 3320 sigilii3
711 3240 777 3300 tdin
798 3238 867 3318 quia
885 3240 912 3297 77
932 3238 976 3297 rei
997 3249 1173 3314 cognoscant

169 3340 277 3387 77777
300 3342 356 3402 pro
382 3325 591 3386 innocentibus
608 3321 809 3394 intercedere,
835 3320 1015 3382 occasionem
1033 3321 1174 3400 arripient

169 3440 183 3467 7
205 3417 235 3475 ci
257 3412 362 3477 callide
382 3431 434 3477 sua
447 3416 579 3477 'facinora
598 3404 722 3476 celandi.
738 3404 925 3494 Videluynt.
940 3408 963 3471 7.
976 3410 1005 3471 5.
1015 3418 1039 3471 t.
1051 3410 1081 3474 6.
1095 3428 1120 3474 e.
1141 3416 1170 3474 ti.

170 3525 185 3554 a
211 3502 309 3561 7777777.
322 3497 356 3561 77.
368 3501 400 3561 7.
414 3517 444 3581 q.
455 3503 484 3562 7.
497 3496 527 3562 77.
537 3502 569 3560 7.
587 3518 619 3561 u.
635 3500 693 3561 67.
753 3539 757 3543 -

206 3586 277 3645 776.
290 3617 328 3633 -
348 3587 422 3647 utu.
438 3584 496 3646 Etsi
514 3601 568 3663 pro
580 3586 656 3658 reis,
669 3584 758 3663 etiam
771 3583 851 3661 iuste
866 3584 1029 3660 damnatis,
1048 3586 1172 3649 interce·
