2602 4198
344 321 416 402 cap.
432 320 462 382 a.
480 318 763 403 oeempmatene.
778 323 858 388 out.
872 326 903 387 a.
927 278 931 283 ⁴
1070 324 1122 388 est

122 440 179 501 qua
188 421 253 483 fieri
266 419 389 482 debebat
399 422 490 482 altere
500 424 572 484 unio
582 426 790 485 Armenorum.
806 425 889 486 Unde
899 425 930 484 in
940 421 997 485 lroc
1009 422 1127 485 decreto

120 506 274 586 Ettpeoitts
288 505 425 566 eumdem
442 523 555 565 morem
582 509 677 569 tenuit
693 508 834 585 loquendi
854 510 973 568 solitum
993 508 1024 567 in
1037 526 1126 586 gene·

119 590 232 651 ralibus
244 590 395 661 conciliis,
407 589 496 650 Sacro
510 588 563 650 lice
577 589 757 669 approbante
769 586 888 653 cmtcilio
900 587 1077 652 Florentino.
1088 593 1126 652 Et

119 673 153 734 in
167 673 228 733 fine
240 673 282 733 sie
294 673 407 732 dictum
418 672 493 731 suit:
510 674 623 731 Datum
641 671 798 735 Florentiae
813 675 847 734 ia
869 669 987 754 publico
1001 674 1124 734 cessione

117 754 257 837 maodeli
270 752 436 817 solemniter
446 756 480 816 io
494 753 624 815 Ecclesia
638 756 753 837 Majori
764 754 993 819 celebratoomto
1002 756 1126 818 Deretini

118 843 207 903 1651.
222 843 422 917 Praeterquam
438 838 518 917 quod
539 847 661 899 testatur
684 844 829 902 Petrocor.
843 841 899 902 hec
923 842 1073 902 decretum
1091 842 1124 902 in

118 925 257 988 omnibus
268 924 416 985 catholicae
432 922 582 1001 religionis
595 924 727 1001 partibus
736 934 888 1002 receptum
904 926 1002 989 luisse.
1015 926 1124 986 Proba·

32 1038 39 1053 κ
117 1016 170 1070 tur
181 1011 210 1069 l.
223 1027 259 1069 ex
270 1027 335 1089 cap.
350 1007 423 1069 Cim
431 1008 554 1068 mnisset
564 1006 642 1068 ertio.
657 1006 786 1069 decuere
796 1017 876 1070 eost.
888 1009 938 1068 ubi
952 1011 1121 1070 lenoclll.

117 1102 273 1171 postquem
284 1092 416 1152 distinxit
431 1092 487 1150 tria
503 1108 609 1168 genera
623 1092 697 1164 olei,
714 1110 820 1171 nempe
834 1092 1122 1166 catechumenorum,

117 1178 327 1247 infirmorum,
344 1185 375 1237 et
390 1175 535 1249 chrisma,
547 1175 627 1255 quod
636 1177 681 1255 (ut
699 1177 750 1253 sit)
760 1195 797 1236 etc
812 1173 872 1236 olco
883 1175 921 1256 fit
933 1185 962 1238 et
974 1175 1120 1249 belesmo,

116 1260 361 1339 mysticdrotioee
368 1284 379 1335 ‚-
390 1278 445 1340 per
454 1257 548 1320 oleum
554 1260 631 1319 enim
639 1260 720 1323 nitor
728 1261 906 1322 moscieotite
914 1260 1122 1341 desipienter...

114 1361 170 1425 per
181 1341 345 1406 balsamum
353 1342 425 1404 odor
438 1342 529 1422 some
541 1344 728 1424 exprimitur.
741 1345 853 1406 Deinde
865 1346 896 1405 in
906 1344 933 1424 S.
943 1347 1002 1405 Per
1012 1342 1123 1424 froett’e

114 1426 179 1489 eod
193 1446 260 1508 cop.
282 1435 497 1488 sacramentum
513 1427 743 1489 confirmationis
764 1438 850 1490 vocat
866 1428 1120 1504 strenationem,

115 1530 177 1572 non
199 1520 320 1592 propter
338 1510 417 1571 aliud
433 1511 571 1588 quidem,
594 1513 651 1572 nisi
674 1512 954 1592 propterchrisma,
976 1514 1054 1592 quod
1078 1513 1120 1575 ibi

114 1595 517 1657 adhibetur.Conlirmeturid
531 1598 783 1675 exantiquaprum
798 1598 941 1670 Ecclesiae,
952 1616 1005 1658 nec
1016 1615 1121 1659 verum

113 1677 405 1742 essedicitBellorm.
416 1680 531 1739 nullum
538 1690 657 1758 patrum
666 1684 780 1742 entelt.
794 1682 966 1764 Greporittm
974 1686 1120 1764 Mopaum

114 1765 281 1825 meminisse
295 1763 384 1840 hujus
402 1763 522 1823 balsami
542 1765 709 1840 mixtionis3
730 1782 799 1825 nam
812 1768 851 1826 l).
868 1765 1037 1846 Cyprianus
1052 1768 1119 1827 lon·

112 1846 178 1926 gius
198 1847 268 1910 ante
284 1849 329 1928 (ut
351 1848 440 1908 refert
459 1844 671 1925 Bellormittus)
687 1849 750 1925 jam
771 1851 927 1926 scripserat
947 1871 955 1909 a
975 1850 1069 1911 Hodie
1085 1852 1119 1912 ia

112 1929 242 1993 Ecclesia
253 1950 370 1995 socrum
383 1929 511 1992 chrisme
528 1930 703 2011 conficitur,
721 1931 755 1991 iri
771 1950 829 2012 quo
841 1931 969 1992 coiectum
982 1930 1041 1993 oleo
1055 1930 1119 1993 tot-

110 2033 248 2094 samum,
269 2012 456 2077 sacerdotalis
468 2022 496 2075 et
512 2014 599 2096 rspice
612 2012 715 2096 pieriae
725 2013 865 2096 exprimit
877 2014 1029 2074 unitatem.
1043 2018 1118 2079 Item

29 2144 33 2151 -
111 2102 213 2172 relect,
223 2104 253 2164 S.
264 2099 436 2162 Clementem
445 2101 628 2161 mentionem
640 2101 740 2160 iecisse
749 2098 926 2180 [roprootite
935 2098 1031 2161 odoris
1044 2098 1118 2160 cliri-

109 2186 226 2247 smotis.
238 2187 282 2246 sd
290 2194 402 2247 textum
416 2192 513 2245 autem
524 2185 678 2263 prelatum
687 2186 720 2246 ia
729 2202 795 2264 cop.
803 2178 969 2243 Pectorelis
982 2227 990 2253 ‚
1001 2201 1117 2262 respon·

6 2300 11 2317 ·
109 2261 199 2330 detur
218 2288 286 2331 cum
296 2273 408 2330 Petrec.
420 2276 447 2328 et
462 2266 582 2330 llolzm.
597 2267 677 2346 quod
690 2269 823 2329 Pontifex
840 2266 964 2326 dicendo
977 2265 1115 2347 suppleo·-

108 2353 182 2416 dem
201 2354 448 2436 pretermissum,
468 2370 529 2414 non
551 2352 646 2413 voluit
664 2353 784 2431 quidem
804 2351 935 2429 suppleri
953 2351 1115 2428 simplicem

82 2472 86 2477 -
109 2438 253 2510 balsami,
274 2437 325 2498 sed
336 2443 429 2497 totam
446 2433 610 2497 chrismatis
621 2437 790 2496 unctionem
796 2481 807 2515 ,
830 2443 861 2495 et
876 2432 941 2494 idud
955 2435 1031 2494 dixit
1054 2452 1115 2498 nen

108 2522 291 2591 iterandam,
314 2521 401 2605 quia,
416 2528 449 2579 ut
469 2521 625 2580 aitGlossa
645 2517 731 2592 itit,
755 2536 816 2579 ooo
829 2516 936 2578 dieitur
952 2516 1113 2596 iteratum,

106 2605 188 2688 quod
201 2605 292 2686 priris.
302 2612 401 2665 ectum
418 2601 699 2682 consciscerem
718 2613 762 2664 est
778 2605 876 2663 'autem
893 2612 1029 2663 neutram
1049 2621 1116 2665 sen·

106 2690 232 2752 lentiam
245 2707 307 2750 esse
328 2688 365 2749 de
378 2689 457 2759 lide,
479 2706 575 2766 neque
588 2698 698 2749 certam
710 2711 719 2765 3
733 2688 803 2766 hino
816 2686 938 2748 omnini
951 2705 1115 2750 sacramen·

107 2784 175 2836 tum
197 2773 408 2835 eonferendum
433 2782 477 2834 est
499 2790 568 2832 cum
594 2775 658 2834 oleo
676 2782 705 2833 et
718 2772 864 2846 balsamo,
879 2782 909 2832 et
925 2772 994 2833 eliis
1012 2774 1114 2834 saltem

107 2858 235 2921 dubium
247 2868 339 2929 esset,
356 2868 389 2918 ut
401 2857 481 2919 reete
492 2858 595 2919 dicunt
605 2856 718 2920 Hebert
730 2865 751 2917 t.
763 2859 792 2918 t.
800 2874 871 2938 pop.
885 2859 954 2918 289.
968 2854 1111 2917 Bellorm.

105 2943 161 3007 loc.
178 2947 227 3005 cit.
248 2952 277 3005 et
292 2941 398 3006 Netel.
419 2940 503 3004 Alce.
524 2952 584 3004 ert.
602 2945 632 3005 2.
649 2961 737 3025 prop.
756 2946 786 3004 ἓ.
801 2942 915 3003 Etided
930 2944 1032 3001 datum
1046 2960 1114 3003 cum

105 3031 169 3089 solo
182 3031 247 3090 oleo
259 3073 269 3101 ‚
283 3029 387 3090 saltem
399 3028 454 3088 sub
464 3028 632 3089 conditione
645 3034 719 3089 esset
734 3027 912 3089 iterandum.
924 3029 947 3084 ll
960 3043 1112 3102 converso,

103 3114 176 3191 quia
189 3114 284 3191 prima
299 3114 442 3173 sententia
455 3121 499 3172 sat
519 3121 564 3172 est
580 3111 760 3188 probabilis,
780 3110 859 3170 recte
875 3110 947 3168 dicit
968 3109 1056 3168 Croie
1077 3128 1111 3170 rt.

105 3199 176 3258 576.
189 3216 255 3257 com
268 3197 373 3259 Gobct.
387 3197 466 3275 qudd
481 3199 511 3256 in
527 3196 652 3256 articulo
664 3195 767 3256 mertis
779 3191 855 3253 bend
869 3192 976 3270 poterit
986 3192 1112 3253 conferri
1183 3262 1188 3271 ‚

104 3281 291 3342 confirmatio
310 3281 366 3341 sub
380 3281 549 3342 conditione
570 3297 606 3339 ex
629 3278 691 3338 solo
713 3277 799 3349 oleo,
822 3276 847 3336 si
865 3283 990 3353 nequeat
1010 3275 1112 3338 haberi

103 3363 232 3426 chrisma
249 3383 286 3425 ex
304 3365 434 3425 balsamo
457 3382 576 3443 quoque
591 3364 772 3423 conlectum:
788 3377 892 3439 magna
906 3359 987 3420 enim
1001 3361 1113 3424 utilitas

104 3447 195 3527 hujus
218 3450 393 3509 sacramenti
406 3448 486 3525 justa
499 3459 575 3510 esset
590 3465 675 3509 causa
686 3445 762 3513 illud
777 3445 832 3508 sub
844 3444 1012 3510 conditione
1024 3447 1112 3510 mini·

102 3534 217 3596 strandi
230 3532 332 3610 ,juxta
341 3532 419 3593 dicta
432 3551 465 3594 tt.
481 3535 530 3597 ⁶28.

142 3618 258 3679 Sufficit
268 3626 369 3679 autem
386 3618 550 3678 balsamum
564 3618 775 3698 cujuscumque
786 3619 917 3699 regionis
933 3662 943 3689 ‚
957 3625 991 3678 ut
1009 3615 1112 3683 dieunt

105 3702 200 3766 eones
211 3745 220 3776 ‚
231 3704 318 3764 Mati.
338 3708 360 3762 t.
382 3704 413 3762 6.
422 3719 493 3783 pop.
513 3704 582 3764 tet.
598 3702 667 3765 Pol.
685 3712 767 3787 port.
781 3705 811 3764 l.
826 3722 910 3767 eum.
923 3705 952 3765 5.
967 3702 1056 3766 Croie
1075 3721 1109 3763 rt.
